%YAML 1.1
%TAG !u! tag:unity3d.com,2011:
--- !u!29 &1
OcclusionCullingSettings:
  m_ObjectHideFlags: 0
  serializedVersion: 2
  m_OcclusionBakeSettings:
    smallestOccluder: 5
    smallestHole: 0.25
    backfaceThreshold: 100
  m_SceneGUID: 00000000000000000000000000000000
  m_OcclusionCullingData: {fileID: 0}
--- !u!104 &2
RenderSettings:
  m_ObjectHideFlags: 0
  serializedVersion: 9
  m_Fog: 0
  m_FogColor: {r: 0.5, g: 0.5, b: 0.5, a: 1}
  m_FogMode: 3
  m_FogDensity: 0.01
  m_LinearFogStart: 0
  m_LinearFogEnd: 300
  m_AmbientSkyColor: {r: 0.212, g: 0.227, b: 0.259, a: 1}
  m_AmbientEquatorColor: {r: 0.114, g: 0.125, b: 0.133, a: 1}
  m_AmbientGroundColor: {r: 0.047, g: 0.043, b: 0.035, a: 1}
  m_AmbientIntensity: 1
  m_AmbientMode: 0
  m_SubtractiveShadowColor: {r: 0.42, g: 0.478, b: 0.627, a: 1}
  m_SkyboxMaterial: {fileID: 10304, guid: 0000000000000000f000000000000000, type: 0}
  m_HaloStrength: 0.5
  m_FlareStrength: 1
  m_FlareFadeSpeed: 3
  m_HaloTexture: {fileID: 0}
  m_SpotCookie: {fileID: 10001, guid: 0000000000000000e000000000000000, type: 0}
  m_DefaultReflectionMode: 0
  m_DefaultReflectionResolution: 128
  m_ReflectionBounces: 1
  m_ReflectionIntensity: 1
  m_CustomReflection: {fileID: 0}
  m_Sun: {fileID: 0}
  m_IndirectSpecularColor: {r: 0.44657898, g: 0.4964133, b: 0.5748178, a: 1}
  m_UseRadianceAmbientProbe: 0
--- !u!157 &3
LightmapSettings:
  m_ObjectHideFlags: 0
  serializedVersion: 12
  m_GIWorkflowMode: 1
  m_GISettings:
    serializedVersion: 2
    m_BounceScale: 1
    m_IndirectOutputScale: 1
    m_AlbedoBoost: 1
    m_EnvironmentLightingMode: 0
    m_EnableBakedLightmaps: 1
    m_EnableRealtimeLightmaps: 0
  m_LightmapEditorSettings:
    serializedVersion: 12
    m_Resolution: 2
    m_BakeResolution: 40
    m_AtlasSize: 1024
    m_AO: 0
    m_AOMaxDistance: 1
    m_CompAOExponent: 1
    m_CompAOExponentDirect: 0
    m_ExtractAmbientOcclusion: 0
    m_Padding: 2
    m_LightmapParameters: {fileID: 0}
    m_LightmapsBakeMode: 1
    m_TextureCompression: 1
    m_FinalGather: 0
    m_FinalGatherFiltering: 1
    m_FinalGatherRayCount: 256
    m_ReflectionCompression: 2
    m_MixedBakeMode: 2
    m_BakeBackend: 1
    m_PVRSampling: 1
    m_PVRDirectSampleCount: 32
    m_PVRSampleCount: 512
    m_PVRBounces: 2
    m_PVREnvironmentSampleCount: 256
    m_PVREnvironmentReferencePointCount: 2048
    m_PVRFilteringMode: 1
    m_PVRDenoiserTypeDirect: 1
    m_PVRDenoiserTypeIndirect: 1
    m_PVRDenoiserTypeAO: 1
    m_PVRFilterTypeDirect: 0
    m_PVRFilterTypeIndirect: 0
    m_PVRFilterTypeAO: 0
    m_PVREnvironmentMIS: 1
    m_PVRCulling: 1
    m_PVRFilteringGaussRadiusDirect: 1
    m_PVRFilteringGaussRadiusIndirect: 5
    m_PVRFilteringGaussRadiusAO: 2
    m_PVRFilteringAtrousPositionSigmaDirect: 0.5
    m_PVRFilteringAtrousPositionSigmaIndirect: 2
    m_PVRFilteringAtrousPositionSigmaAO: 1
    m_ExportTrainingData: 0
    m_TrainingDataDestination: TrainingData
    m_LightProbeSampleCountMultiplier: 4
  m_LightingDataAsset: {fileID: 0}
  m_LightingSettings: {fileID: 0}
--- !u!196 &4
NavMeshSettings:
  serializedVersion: 2
  m_ObjectHideFlags: 0
  m_BuildSettings:
    serializedVersion: 3
    agentTypeID: 0
    agentRadius: 0.5
    agentHeight: 2
    agentSlope: 45
    agentClimb: 0.4
    ledgeDropHeight: 0
    maxJumpAcrossDistance: 0
    minRegionArea: 2
    manualCellSize: 0
    cellSize: 0.16666667
    manualTileSize: 0
    tileSize: 256
    buildHeightMesh: 0
    maxJobWorkers: 0
    preserveTilesOutsideBounds: 0
    debug:
      m_Flags: 0
  m_NavMeshData: {fileID: 0}
--- !u!1001 &29756900
PrefabInstance:
  m_ObjectHideFlags: 0
  serializedVersion: 2
  m_Modification:
    serializedVersion: 3
    m_TransformParent: {fileID: 1768392996}
    m_Modifications:
    - target: {fileID: 434320343503678772, guid: 7b3e6db10d22f504dbc606110b2cb5e7, type: 3}
      propertyPath: m_LocalPosition.x
      value: 21.63805
      objectReference: {fileID: 0}
    - target: {fileID: 434320343503678772, guid: 7b3e6db10d22f504dbc606110b2cb5e7, type: 3}
      propertyPath: m_LocalPosition.y
      value: -13.851689
      objectReference: {fileID: 0}
    - target: {fileID: 434320343503678772, guid: 7b3e6db10d22f504dbc606110b2cb5e7, type: 3}
      propertyPath: m_LocalPosition.z
      value: 5.3046703
      objectReference: {fileID: 0}
    - target: {fileID: 434320343503678772, guid: 7b3e6db10d22f504dbc606110b2cb5e7, type: 3}
      propertyPath: m_LocalRotation.w
      value: 1
      objectReference: {fileID: 0}
    - target: {fileID: 434320343503678772, guid: 7b3e6db10d22f504dbc606110b2cb5e7, type: 3}
      propertyPath: m_LocalRotation.x
      value: -0
      objectReference: {fileID: 0}
    - target: {fileID: 434320343503678772, guid: 7b3e6db10d22f504dbc606110b2cb5e7, type: 3}
      propertyPath: m_LocalRotation.y
      value: -0
      objectReference: {fileID: 0}
    - target: {fileID: 434320343503678772, guid: 7b3e6db10d22f504dbc606110b2cb5e7, type: 3}
      propertyPath: m_LocalRotation.z
      value: -0
      objectReference: {fileID: 0}
    - target: {fileID: 434320343503678772, guid: 7b3e6db10d22f504dbc606110b2cb5e7, type: 3}
      propertyPath: m_LocalEulerAnglesHint.x
      value: 0
      objectReference: {fileID: 0}
    - target: {fileID: 434320343503678772, guid: 7b3e6db10d22f504dbc606110b2cb5e7, type: 3}
      propertyPath: m_LocalEulerAnglesHint.y
      value: 0
      objectReference: {fileID: 0}
    - target: {fileID: 434320343503678772, guid: 7b3e6db10d22f504dbc606110b2cb5e7, type: 3}
      propertyPath: m_LocalEulerAnglesHint.z
      value: 0
      objectReference: {fileID: 0}
    - target: {fileID: 1245006558584958560, guid: 7b3e6db10d22f504dbc606110b2cb5e7, type: 3}
      propertyPath: m_Name
      value: Grass_B (3)
      objectReference: {fileID: 0}
    m_RemovedComponents: []
    m_RemovedGameObjects: []
    m_AddedGameObjects: []
    m_AddedComponents: []
  m_SourcePrefab: {fileID: 100100000, guid: 7b3e6db10d22f504dbc606110b2cb5e7, type: 3}
--- !u!1 &177003863
GameObject:
  m_ObjectHideFlags: 0
  m_CorrespondingSourceObject: {fileID: 0}
  m_PrefabInstance: {fileID: 0}
  m_PrefabAsset: {fileID: 0}
  serializedVersion: 6
  m_Component:
  - component: {fileID: 177003867}
  - component: {fileID: 177003866}
  - component: {fileID: 177003865}
  - component: {fileID: 177003864}
  m_Layer: 0
  m_Name: Plane
  m_TagString: Ground
  m_Icon: {fileID: 0}
  m_NavMeshLayer: 0
  m_StaticEditorFlags: 0
  m_IsActive: 1
--- !u!64 &177003864
MeshCollider:
  m_ObjectHideFlags: 0
  m_CorrespondingSourceObject: {fileID: 0}
  m_PrefabInstance: {fileID: 0}
  m_PrefabAsset: {fileID: 0}
  m_GameObject: {fileID: 177003863}
  m_Material: {fileID: 13400000, guid: db5a4cef8ce69714d8db0bc66d0cfc9d, type: 2}
  m_IncludeLayers:
    serializedVersion: 2
    m_Bits: 0
  m_ExcludeLayers:
    serializedVersion: 2
    m_Bits: 0
  m_LayerOverridePriority: 0
  m_IsTrigger: 0
  m_ProvidesContacts: 0
  m_Enabled: 1
  serializedVersion: 5
  m_Convex: 0
  m_CookingOptions: 30
  m_Mesh: {fileID: 10209, guid: 0000000000000000e000000000000000, type: 0}
--- !u!23 &177003865
MeshRenderer:
  m_ObjectHideFlags: 0
  m_CorrespondingSourceObject: {fileID: 0}
  m_PrefabInstance: {fileID: 0}
  m_PrefabAsset: {fileID: 0}
  m_GameObject: {fileID: 177003863}
  m_Enabled: 1
  m_CastShadows: 1
  m_ReceiveShadows: 1
  m_DynamicOccludee: 1
  m_StaticShadowCaster: 0
  m_MotionVectors: 1
  m_LightProbeUsage: 1
  m_ReflectionProbeUsage: 1
  m_RayTracingMode: 2
  m_RayTraceProcedural: 0
  m_RenderingLayerMask: 1
  m_RendererPriority: 0
  m_Materials:
  - {fileID: 10303, guid: 0000000000000000f000000000000000, type: 0}
  m_StaticBatchInfo:
    firstSubMesh: 0
    subMeshCount: 0
  m_StaticBatchRoot: {fileID: 0}
  m_ProbeAnchor: {fileID: 0}
  m_LightProbeVolumeOverride: {fileID: 0}
  m_ScaleInLightmap: 1
  m_ReceiveGI: 1
  m_PreserveUVs: 0
  m_IgnoreNormalsForChartDetection: 0
  m_ImportantGI: 0
  m_StitchLightmapSeams: 1
  m_SelectedEditorRenderState: 3
  m_MinimumChartSize: 4
  m_AutoUVMaxDistance: 0.5
  m_AutoUVMaxAngle: 89
  m_LightmapParameters: {fileID: 0}
  m_SortingLayerID: 0
  m_SortingLayer: 0
  m_SortingOrder: 0
  m_AdditionalVertexStreams: {fileID: 0}
--- !u!33 &177003866
MeshFilter:
  m_ObjectHideFlags: 0
  m_CorrespondingSourceObject: {fileID: 0}
  m_PrefabInstance: {fileID: 0}
  m_PrefabAsset: {fileID: 0}
  m_GameObject: {fileID: 177003863}
  m_Mesh: {fileID: 10209, guid: 0000000000000000e000000000000000, type: 0}
--- !u!4 &177003867
Transform:
  m_ObjectHideFlags: 0
  m_CorrespondingSourceObject: {fileID: 0}
  m_PrefabInstance: {fileID: 0}
  m_PrefabAsset: {fileID: 0}
  m_GameObject: {fileID: 177003863}
  serializedVersion: 2
  m_LocalRotation: {x: 0, y: 0, z: 0, w: 1}
  m_LocalPosition: {x: 0, y: 0, z: 0}
  m_LocalScale: {x: 10, y: 10, z: 10}
  m_ConstrainProportionsScale: 0
  m_Children: []
  m_Father: {fileID: 0}
  m_LocalEulerAnglesHint: {x: 0, y: 0, z: 0}
--- !u!1 &208778724
GameObject:
  m_ObjectHideFlags: 0
  m_CorrespondingSourceObject: {fileID: 0}
  m_PrefabInstance: {fileID: 0}
  m_PrefabAsset: {fileID: 0}
  serializedVersion: 6
  m_Component:
  - component: {fileID: 208778725}
  - component: {fileID: 208778728}
  - component: {fileID: 208778727}
  - component: {fileID: 208778726}
  m_Layer: 0
  m_Name: Sphere
  m_TagString: Untagged
  m_Icon: {fileID: 0}
  m_NavMeshLayer: 0
  m_StaticEditorFlags: 0
  m_IsActive: 0
--- !u!4 &208778725
Transform:
  m_ObjectHideFlags: 0
  m_CorrespondingSourceObject: {fileID: 0}
  m_PrefabInstance: {fileID: 0}
  m_PrefabAsset: {fileID: 0}
  m_GameObject: {fileID: 208778724}
  serializedVersion: 2
  m_LocalRotation: {x: -0.00000020863716, y: -0.5929564, z: 0.8052346, w: 0.00000011907146}
  m_LocalPosition: {x: 0.0001886898, y: 0.081127845, z: -0.047802035}
  m_LocalScale: {x: 3.9512773, y: 3.9512753, z: 3.9512737}
  m_ConstrainProportionsScale: 0
  m_Children: []
  m_Father: {fileID: 566258894}
  m_LocalEulerAnglesHint: {x: 0, y: 0, z: 0}
--- !u!135 &208778726
SphereCollider:
  m_ObjectHideFlags: 0
  m_CorrespondingSourceObject: {fileID: 0}
  m_PrefabInstance: {fileID: 0}
  m_PrefabAsset: {fileID: 0}
  m_GameObject: {fileID: 208778724}
  m_Material: {fileID: 0}
  m_IncludeLayers:
    serializedVersion: 2
    m_Bits: 0
  m_ExcludeLayers:
    serializedVersion: 2
    m_Bits: 0
  m_LayerOverridePriority: 0
  m_IsTrigger: 0
  m_ProvidesContacts: 0
  m_Enabled: 1
  serializedVersion: 3
  m_Radius: 0.021
  m_Center: {x: 0, y: 0, z: 0}
--- !u!23 &208778727
MeshRenderer:
  m_ObjectHideFlags: 0
  m_CorrespondingSourceObject: {fileID: 0}
  m_PrefabInstance: {fileID: 0}
  m_PrefabAsset: {fileID: 0}
  m_GameObject: {fileID: 208778724}
  m_Enabled: 0
  m_CastShadows: 1
  m_ReceiveShadows: 1
  m_DynamicOccludee: 1
  m_StaticShadowCaster: 0
  m_MotionVectors: 1
  m_LightProbeUsage: 1
  m_ReflectionProbeUsage: 1
  m_RayTracingMode: 2
  m_RayTraceProcedural: 0
  m_RenderingLayerMask: 1
  m_RendererPriority: 0
  m_Materials:
  - {fileID: 10303, guid: 0000000000000000f000000000000000, type: 0}
  m_StaticBatchInfo:
    firstSubMesh: 0
    subMeshCount: 0
  m_StaticBatchRoot: {fileID: 0}
  m_ProbeAnchor: {fileID: 0}
  m_LightProbeVolumeOverride: {fileID: 0}
  m_ScaleInLightmap: 1
  m_ReceiveGI: 1
  m_PreserveUVs: 0
  m_IgnoreNormalsForChartDetection: 0
  m_ImportantGI: 0
  m_StitchLightmapSeams: 1
  m_SelectedEditorRenderState: 3
  m_MinimumChartSize: 4
  m_AutoUVMaxDistance: 0.5
  m_AutoUVMaxAngle: 89
  m_LightmapParameters: {fileID: 0}
  m_SortingLayerID: 0
  m_SortingLayer: 0
  m_SortingOrder: 0
  m_AdditionalVertexStreams: {fileID: 0}
--- !u!33 &208778728
MeshFilter:
  m_ObjectHideFlags: 0
  m_CorrespondingSourceObject: {fileID: 0}
  m_PrefabInstance: {fileID: 0}
  m_PrefabAsset: {fileID: 0}
  m_GameObject: {fileID: 208778724}
  m_Mesh: {fileID: 10207, guid: 0000000000000000e000000000000000, type: 0}
--- !u!1 &367705634
GameObject:
  m_ObjectHideFlags: 0
  m_CorrespondingSourceObject: {fileID: 0}
  m_PrefabInstance: {fileID: 0}
  m_PrefabAsset: {fileID: 0}
  serializedVersion: 6
  m_Component:
  - component: {fileID: 367705638}
  - component: {fileID: 367705637}
  - component: {fileID: 367705636}
  - component: {fileID: 367705635}
  m_Layer: 0
  m_Name: Canvas
  m_TagString: Untagged
  m_Icon: {fileID: 0}
  m_NavMeshLayer: 0
  m_StaticEditorFlags: 0
  m_IsActive: 1
--- !u!114 &367705635
MonoBehaviour:
  m_ObjectHideFlags: 0
  m_CorrespondingSourceObject: {fileID: 0}
  m_PrefabInstance: {fileID: 0}
  m_PrefabAsset: {fileID: 0}
  m_GameObject: {fileID: 367705634}
  m_Enabled: 1
  m_EditorHideFlags: 0
  m_Script: {fileID: 11500000, guid: dc42784cf147c0c48a680349fa168899, type: 3}
  m_Name: 
  m_EditorClassIdentifier: 
  m_IgnoreReversedGraphics: 1
  m_BlockingObjects: 0
  m_BlockingMask:
    serializedVersion: 2
    m_Bits: 4294967295
--- !u!114 &367705636
MonoBehaviour:
  m_ObjectHideFlags: 0
  m_CorrespondingSourceObject: {fileID: 0}
  m_PrefabInstance: {fileID: 0}
  m_PrefabAsset: {fileID: 0}
  m_GameObject: {fileID: 367705634}
  m_Enabled: 1
  m_EditorHideFlags: 0
  m_Script: {fileID: 11500000, guid: 0cd44c1031e13a943bb63640046fad76, type: 3}
  m_Name: 
  m_EditorClassIdentifier: 
  m_UiScaleMode: 0
  m_ReferencePixelsPerUnit: 100
  m_ScaleFactor: 1
  m_ReferenceResolution: {x: 800, y: 600}
  m_ScreenMatchMode: 0
  m_MatchWidthOrHeight: 0
  m_PhysicalUnit: 3
  m_FallbackScreenDPI: 96
  m_DefaultSpriteDPI: 96
  m_DynamicPixelsPerUnit: 1
  m_PresetInfoIsWorld: 0
--- !u!223 &367705637
Canvas:
  m_ObjectHideFlags: 0
  m_CorrespondingSourceObject: {fileID: 0}
  m_PrefabInstance: {fileID: 0}
  m_PrefabAsset: {fileID: 0}
  m_GameObject: {fileID: 367705634}
  m_Enabled: 1
  serializedVersion: 3
  m_RenderMode: 0
  m_Camera: {fileID: 0}
  m_PlaneDistance: 100
  m_PixelPerfect: 0
  m_ReceivesEvents: 1
  m_OverrideSorting: 0
  m_OverridePixelPerfect: 0
  m_SortingBucketNormalizedSize: 0
  m_VertexColorAlwaysGammaSpace: 0
  m_AdditionalShaderChannelsFlag: 0
  m_UpdateRectTransformForStandalone: 0
  m_SortingLayerID: 0
  m_SortingOrder: 0
  m_TargetDisplay: 0
--- !u!224 &367705638
RectTransform:
  m_ObjectHideFlags: 0
  m_CorrespondingSourceObject: {fileID: 0}
  m_PrefabInstance: {fileID: 0}
  m_PrefabAsset: {fileID: 0}
  m_GameObject: {fileID: 367705634}
  m_LocalRotation: {x: 0, y: 0, z: 0, w: 1}
  m_LocalPosition: {x: 0, y: 0, z: 0}
  m_LocalScale: {x: 0, y: 0, z: 0}
  m_ConstrainProportionsScale: 0
  m_Children:
  - {fileID: 933513870}
  - {fileID: 691555530}
  - {fileID: 1700811509}
  m_Father: {fileID: 0}
  m_LocalEulerAnglesHint: {x: 0, y: 0, z: 0}
  m_AnchorMin: {x: 0, y: 0}
  m_AnchorMax: {x: 0, y: 0}
  m_AnchoredPosition: {x: 0, y: 0}
  m_SizeDelta: {x: 0, y: 0}
  m_Pivot: {x: 0, y: 0}
--- !u!4 &386283266 stripped
Transform:
  m_CorrespondingSourceObject: {fileID: 434320343503678772, guid: 7b3e6db10d22f504dbc606110b2cb5e7, type: 3}
  m_PrefabInstance: {fileID: 1753599296}
  m_PrefabAsset: {fileID: 0}
--- !u!4 &396855567 stripped
Transform:
  m_CorrespondingSourceObject: {fileID: 8345125494760415452, guid: 176a42107ce66c44aa74a67424591597, type: 3}
  m_PrefabInstance: {fileID: 1662490550}
  m_PrefabAsset: {fileID: 0}
--- !u!1 &487933032 stripped
GameObject:
  m_CorrespondingSourceObject: {fileID: 1396151517390792, guid: 9e066cea98814aa448c70270a3c60251, type: 3}
  m_PrefabInstance: {fileID: 1517298694}
  m_PrefabAsset: {fileID: 0}
--- !u!65 &487933035
BoxCollider:
  m_ObjectHideFlags: 0
  m_CorrespondingSourceObject: {fileID: 0}
  m_PrefabInstance: {fileID: 0}
  m_PrefabAsset: {fileID: 0}
  m_GameObject: {fileID: 487933032}
  m_Material: {fileID: 13400000, guid: db5a4cef8ce69714d8db0bc66d0cfc9d, type: 2}
  m_IncludeLayers:
    serializedVersion: 2
    m_Bits: 0
  m_ExcludeLayers:
    serializedVersion: 2
    m_Bits: 0
  m_LayerOverridePriority: 0
  m_IsTrigger: 1
  m_ProvidesContacts: 0
  m_Enabled: 1
  serializedVersion: 3
  m_Size: {x: 0.58583987, y: 0.46280676, z: 0.5484244}
  m_Center: {x: 1.0770875, y: 0.7435633, z: 0.27669284}
--- !u!1001 &491394609
PrefabInstance:
  m_ObjectHideFlags: 0
  serializedVersion: 2
  m_Modification:
    serializedVersion: 3
    m_TransformParent: {fileID: 1768392996}
    m_Modifications:
    - target: {fileID: 5784118704813857101, guid: 176a42107ce66c44aa74a67424591597, type: 3}
      propertyPath: m_Name
      value: BushDry_A (1)
      objectReference: {fileID: 0}
    - target: {fileID: 8345125494760415452, guid: 176a42107ce66c44aa74a67424591597, type: 3}
      propertyPath: m_LocalPosition.x
      value: 23.096474
      objectReference: {fileID: 0}
    - target: {fileID: 8345125494760415452, guid: 176a42107ce66c44aa74a67424591597, type: 3}
      propertyPath: m_LocalPosition.y
      value: -13.844131
      objectReference: {fileID: 0}
    - target: {fileID: 8345125494760415452, guid: 176a42107ce66c44aa74a67424591597, type: 3}
      propertyPath: m_LocalPosition.z
      value: 2.4072254
      objectReference: {fileID: 0}
    - target: {fileID: 8345125494760415452, guid: 176a42107ce66c44aa74a67424591597, type: 3}
      propertyPath: m_LocalRotation.w
      value: 1
      objectReference: {fileID: 0}
    - target: {fileID: 8345125494760415452, guid: 176a42107ce66c44aa74a67424591597, type: 3}
      propertyPath: m_LocalRotation.x
      value: -0
      objectReference: {fileID: 0}
    - target: {fileID: 8345125494760415452, guid: 176a42107ce66c44aa74a67424591597, type: 3}
      propertyPath: m_LocalRotation.y
      value: -0
      objectReference: {fileID: 0}
    - target: {fileID: 8345125494760415452, guid: 176a42107ce66c44aa74a67424591597, type: 3}
      propertyPath: m_LocalRotation.z
      value: -0
      objectReference: {fileID: 0}
    - target: {fileID: 8345125494760415452, guid: 176a42107ce66c44aa74a67424591597, type: 3}
      propertyPath: m_LocalEulerAnglesHint.x
      value: 0
      objectReference: {fileID: 0}
    - target: {fileID: 8345125494760415452, guid: 176a42107ce66c44aa74a67424591597, type: 3}
      propertyPath: m_LocalEulerAnglesHint.y
      value: 0
      objectReference: {fileID: 0}
    - target: {fileID: 8345125494760415452, guid: 176a42107ce66c44aa74a67424591597, type: 3}
      propertyPath: m_LocalEulerAnglesHint.z
      value: 0
      objectReference: {fileID: 0}
    m_RemovedComponents: []
    m_RemovedGameObjects: []
    m_AddedGameObjects: []
    m_AddedComponents: []
  m_SourcePrefab: {fileID: 100100000, guid: 176a42107ce66c44aa74a67424591597, type: 3}
--- !u!4 &528448914 stripped
Transform:
  m_CorrespondingSourceObject: {fileID: 4826564444250892, guid: 51a5e06934e40e1468d0367239466bc4, type: 3}
  m_PrefabInstance: {fileID: 1266717996}
  m_PrefabAsset: {fileID: 0}
--- !u!4 &566258894 stripped
Transform:
  m_CorrespondingSourceObject: {fileID: 4076475388850396, guid: 51a5e06934e40e1468d0367239466bc4, type: 3}
  m_PrefabInstance: {fileID: 1266717996}
  m_PrefabAsset: {fileID: 0}
--- !u!4 &606973696 stripped
Transform:
  m_CorrespondingSourceObject: {fileID: 434320343503678772, guid: 7b3e6db10d22f504dbc606110b2cb5e7, type: 3}
  m_PrefabInstance: {fileID: 852189696}
  m_PrefabAsset: {fileID: 0}
--- !u!1 &616820818 stripped
GameObject:
  m_CorrespondingSourceObject: {fileID: 1703160672665336, guid: 51a5e06934e40e1468d0367239466bc4, type: 3}
  m_PrefabInstance: {fileID: 1266717996}
  m_PrefabAsset: {fileID: 0}
--- !u!54 &616820823
Rigidbody:
  m_ObjectHideFlags: 0
  m_CorrespondingSourceObject: {fileID: 0}
  m_PrefabInstance: {fileID: 0}
  m_PrefabAsset: {fileID: 0}
  m_GameObject: {fileID: 616820818}
  serializedVersion: 4
  m_Mass: 300
  m_Drag: 3
  m_AngularDrag: 0.05
  m_CenterOfMass: {x: 0, y: 0, z: 0}
  m_InertiaTensor: {x: 1, y: 1, z: 1}
  m_InertiaRotation: {x: 0, y: 0, z: 0, w: 1}
  m_IncludeLayers:
    serializedVersion: 2
    m_Bits: 0
  m_ExcludeLayers:
    serializedVersion: 2
    m_Bits: 0
  m_ImplicitCom: 1
  m_ImplicitTensor: 0
  m_UseGravity: 0
  m_IsKinematic: 0
  m_Interpolate: 0
  m_Constraints: 80
  m_CollisionDetection: 0
--- !u!114 &616820827
MonoBehaviour:
  m_ObjectHideFlags: 0
  m_CorrespondingSourceObject: {fileID: 0}
  m_PrefabInstance: {fileID: 0}
  m_PrefabAsset: {fileID: 0}
  m_GameObject: {fileID: 616820818}
  m_Enabled: 1
  m_EditorHideFlags: 0
  m_Script: {fileID: 11500000, guid: 18ad5760d49442349a66853c98b816b5, type: 3}
  m_Name: 
  m_EditorClassIdentifier: 
  playerTransform: {fileID: 1517298699}
  moveSpeed: 3
  attackRange: 5
  warningRange: 15
  attackCooldown: 2
  playerAnimator: {fileID: 1517298698}
  winMessage: {fileID: 0}
  hp: 10
  healthDisplay: {fileID: 691555531}
--- !u!1001 &624147529
PrefabInstance:
  m_ObjectHideFlags: 0
  serializedVersion: 2
  m_Modification:
    serializedVersion: 3
    m_TransformParent: {fileID: 1768392996}
    m_Modifications:
    - target: {fileID: 5784118704813857101, guid: 176a42107ce66c44aa74a67424591597, type: 3}
      propertyPath: m_Name
      value: BushDry_A
      objectReference: {fileID: 0}
    - target: {fileID: 8345125494760415452, guid: 176a42107ce66c44aa74a67424591597, type: 3}
      propertyPath: m_LocalPosition.x
      value: 23.096474
      objectReference: {fileID: 0}
    - target: {fileID: 8345125494760415452, guid: 176a42107ce66c44aa74a67424591597, type: 3}
      propertyPath: m_LocalPosition.y
      value: -13.844131
      objectReference: {fileID: 0}
    - target: {fileID: 8345125494760415452, guid: 176a42107ce66c44aa74a67424591597, type: 3}
      propertyPath: m_LocalPosition.z
      value: -0.050773382
      objectReference: {fileID: 0}
    - target: {fileID: 8345125494760415452, guid: 176a42107ce66c44aa74a67424591597, type: 3}
      propertyPath: m_LocalRotation.w
      value: 1
      objectReference: {fileID: 0}
    - target: {fileID: 8345125494760415452, guid: 176a42107ce66c44aa74a67424591597, type: 3}
      propertyPath: m_LocalRotation.x
      value: -0
      objectReference: {fileID: 0}
    - target: {fileID: 8345125494760415452, guid: 176a42107ce66c44aa74a67424591597, type: 3}
      propertyPath: m_LocalRotation.y
      value: -0
      objectReference: {fileID: 0}
    - target: {fileID: 8345125494760415452, guid: 176a42107ce66c44aa74a67424591597, type: 3}
      propertyPath: m_LocalRotation.z
      value: -0
      objectReference: {fileID: 0}
    - target: {fileID: 8345125494760415452, guid: 176a42107ce66c44aa74a67424591597, type: 3}
      propertyPath: m_LocalEulerAnglesHint.x
      value: 0
      objectReference: {fileID: 0}
    - target: {fileID: 8345125494760415452, guid: 176a42107ce66c44aa74a67424591597, type: 3}
      propertyPath: m_LocalEulerAnglesHint.y
      value: 0
      objectReference: {fileID: 0}
    - target: {fileID: 8345125494760415452, guid: 176a42107ce66c44aa74a67424591597, type: 3}
      propertyPath: m_LocalEulerAnglesHint.z
      value: 0
      objectReference: {fileID: 0}
    m_RemovedComponents: []
    m_RemovedGameObjects: []
    m_AddedGameObjects: []
    m_AddedComponents: []
  m_SourcePrefab: {fileID: 100100000, guid: 176a42107ce66c44aa74a67424591597, type: 3}
--- !u!1001 &634857716
PrefabInstance:
  m_ObjectHideFlags: 0
  serializedVersion: 2
  m_Modification:
    serializedVersion: 3
    m_TransformParent: {fileID: 1768392996}
    m_Modifications:
    - target: {fileID: 434320343503678772, guid: 7b3e6db10d22f504dbc606110b2cb5e7, type: 3}
      propertyPath: m_LocalPosition.x
      value: 20.441332
      objectReference: {fileID: 0}
    - target: {fileID: 434320343503678772, guid: 7b3e6db10d22f504dbc606110b2cb5e7, type: 3}
      propertyPath: m_LocalPosition.y
      value: -13.851689
      objectReference: {fileID: 0}
    - target: {fileID: 434320343503678772, guid: 7b3e6db10d22f504dbc606110b2cb5e7, type: 3}
      propertyPath: m_LocalPosition.z
      value: 5.7768393
      objectReference: {fileID: 0}
    - target: {fileID: 434320343503678772, guid: 7b3e6db10d22f504dbc606110b2cb5e7, type: 3}
      propertyPath: m_LocalRotation.w
      value: 0.9113726
      objectReference: {fileID: 0}
    - target: {fileID: 434320343503678772, guid: 7b3e6db10d22f504dbc606110b2cb5e7, type: 3}
      propertyPath: m_LocalRotation.x
      value: -0
      objectReference: {fileID: 0}
    - target: {fileID: 434320343503678772, guid: 7b3e6db10d22f504dbc606110b2cb5e7, type: 3}
      propertyPath: m_LocalRotation.y
      value: -0.41158217
      objectReference: {fileID: 0}
    - target: {fileID: 434320343503678772, guid: 7b3e6db10d22f504dbc606110b2cb5e7, type: 3}
      propertyPath: m_LocalRotation.z
      value: -0
      objectReference: {fileID: 0}
    - target: {fileID: 434320343503678772, guid: 7b3e6db10d22f504dbc606110b2cb5e7, type: 3}
      propertyPath: m_LocalEulerAnglesHint.x
      value: 0
      objectReference: {fileID: 0}
    - target: {fileID: 434320343503678772, guid: 7b3e6db10d22f504dbc606110b2cb5e7, type: 3}
      propertyPath: m_LocalEulerAnglesHint.y
      value: -48.608
      objectReference: {fileID: 0}
    - target: {fileID: 434320343503678772, guid: 7b3e6db10d22f504dbc606110b2cb5e7, type: 3}
      propertyPath: m_LocalEulerAnglesHint.z
      value: 0
      objectReference: {fileID: 0}
    - target: {fileID: 1245006558584958560, guid: 7b3e6db10d22f504dbc606110b2cb5e7, type: 3}
      propertyPath: m_Name
      value: Grass_B (1)
      objectReference: {fileID: 0}
    m_RemovedComponents: []
    m_RemovedGameObjects: []
    m_AddedGameObjects: []
    m_AddedComponents: []
  m_SourcePrefab: {fileID: 100100000, guid: 7b3e6db10d22f504dbc606110b2cb5e7, type: 3}
--- !u!1 &646062810
GameObject:
  m_ObjectHideFlags: 0
  m_CorrespondingSourceObject: {fileID: 0}
  m_PrefabInstance: {fileID: 0}
  m_PrefabAsset: {fileID: 0}
  serializedVersion: 6
  m_Component:
  - component: {fileID: 646062813}
  - component: {fileID: 646062812}
  - component: {fileID: 646062811}
  m_Layer: 0
  m_Name: EventSystem
  m_TagString: Untagged
  m_Icon: {fileID: 0}
  m_NavMeshLayer: 0
  m_StaticEditorFlags: 0
  m_IsActive: 1
--- !u!114 &646062811
MonoBehaviour:
  m_ObjectHideFlags: 0
  m_CorrespondingSourceObject: {fileID: 0}
  m_PrefabInstance: {fileID: 0}
  m_PrefabAsset: {fileID: 0}
  m_GameObject: {fileID: 646062810}
  m_Enabled: 1
  m_EditorHideFlags: 0
  m_Script: {fileID: 11500000, guid: 4f231c4fb786f3946a6b90b886c48677, type: 3}
  m_Name: 
  m_EditorClassIdentifier: 
  m_SendPointerHoverToParent: 1
  m_HorizontalAxis: Horizontal
  m_VerticalAxis: Vertical
  m_SubmitButton: Submit
  m_CancelButton: Cancel
  m_InputActionsPerSecond: 10
  m_RepeatDelay: 0.5
  m_ForceModuleActive: 0
--- !u!114 &646062812
MonoBehaviour:
  m_ObjectHideFlags: 0
  m_CorrespondingSourceObject: {fileID: 0}
  m_PrefabInstance: {fileID: 0}
  m_PrefabAsset: {fileID: 0}
  m_GameObject: {fileID: 646062810}
  m_Enabled: 1
  m_EditorHideFlags: 0
  m_Script: {fileID: 11500000, guid: 76c392e42b5098c458856cdf6ecaaaa1, type: 3}
  m_Name: 
  m_EditorClassIdentifier: 
  m_FirstSelected: {fileID: 0}
  m_sendNavigationEvents: 1
  m_DragThreshold: 10
--- !u!4 &646062813
Transform:
  m_ObjectHideFlags: 0
  m_CorrespondingSourceObject: {fileID: 0}
  m_PrefabInstance: {fileID: 0}
  m_PrefabAsset: {fileID: 0}
  m_GameObject: {fileID: 646062810}
  serializedVersion: 2
  m_LocalRotation: {x: 0, y: 0, z: 0, w: 1}
  m_LocalPosition: {x: 0, y: 0, z: 0}
  m_LocalScale: {x: 1, y: 1, z: 1}
  m_ConstrainProportionsScale: 0
  m_Children: []
  m_Father: {fileID: 0}
  m_LocalEulerAnglesHint: {x: 0, y: 0, z: 0}
--- !u!1 &691555529
GameObject:
  m_ObjectHideFlags: 0
  m_CorrespondingSourceObject: {fileID: 0}
  m_PrefabInstance: {fileID: 0}
  m_PrefabAsset: {fileID: 0}
  serializedVersion: 6
  m_Component:
  - component: {fileID: 691555530}
  - component: {fileID: 691555532}
  - component: {fileID: 691555531}
  m_Layer: 0
  m_Name: SmugHP
  m_TagString: Untagged
  m_Icon: {fileID: 0}
  m_NavMeshLayer: 0
  m_StaticEditorFlags: 0
  m_IsActive: 1
--- !u!224 &691555530
RectTransform:
  m_ObjectHideFlags: 0
  m_CorrespondingSourceObject: {fileID: 0}
  m_PrefabInstance: {fileID: 0}
  m_PrefabAsset: {fileID: 0}
  m_GameObject: {fileID: 691555529}
  m_LocalRotation: {x: 0, y: 0, z: 0, w: 1}
  m_LocalPosition: {x: 0, y: 0, z: 0}
  m_LocalScale: {x: 1, y: 1, z: 1}
  m_ConstrainProportionsScale: 0
  m_Children: []
  m_Father: {fileID: 367705638}
  m_LocalEulerAnglesHint: {x: 0, y: 0, z: 0}
  m_AnchorMin: {x: 0.5, y: 0.5}
  m_AnchorMax: {x: 0.5, y: 0.5}
  m_AnchoredPosition: {x: 413, y: 184}
  m_SizeDelta: {x: 160, y: 30}
  m_Pivot: {x: 0.5, y: 0.5}
--- !u!114 &691555531
MonoBehaviour:
  m_ObjectHideFlags: 0
  m_CorrespondingSourceObject: {fileID: 0}
  m_PrefabInstance: {fileID: 0}
  m_PrefabAsset: {fileID: 0}
  m_GameObject: {fileID: 691555529}
  m_Enabled: 1
  m_EditorHideFlags: 0
  m_Script: {fileID: 11500000, guid: 5f7201a12d95ffc409449d95f23cf332, type: 3}
  m_Name: 
  m_EditorClassIdentifier: 
  m_Material: {fileID: 0}
  m_Color: {r: 0.19607843, g: 0.19607843, b: 0.19607843, a: 1}
  m_RaycastTarget: 1
  m_RaycastPadding: {x: 0, y: 0, z: 0, w: 0}
  m_Maskable: 1
  m_OnCullStateChanged:
    m_PersistentCalls:
      m_Calls: []
  m_FontData:
    m_Font: {fileID: 10102, guid: 0000000000000000e000000000000000, type: 0}
    m_FontSize: 18
    m_FontStyle: 0
    m_BestFit: 0
    m_MinSize: 1
    m_MaxSize: 40
    m_Alignment: 0
    m_AlignByGeometry: 0
    m_RichText: 1
    m_HorizontalOverflow: 0
    m_VerticalOverflow: 0
    m_LineSpacing: 1
  m_Text: 'Smug HP: 10'
--- !u!222 &691555532
CanvasRenderer:
  m_ObjectHideFlags: 0
  m_CorrespondingSourceObject: {fileID: 0}
  m_PrefabInstance: {fileID: 0}
  m_PrefabAsset: {fileID: 0}
  m_GameObject: {fileID: 691555529}
  m_CullTransparentMesh: 1
--- !u!4 &712575166 stripped
Transform:
  m_CorrespondingSourceObject: {fileID: 8345125494760415452, guid: 176a42107ce66c44aa74a67424591597, type: 3}
  m_PrefabInstance: {fileID: 491394609}
  m_PrefabAsset: {fileID: 0}
--- !u!1 &817938020
GameObject:
  m_ObjectHideFlags: 0
  m_CorrespondingSourceObject: {fileID: 0}
  m_PrefabInstance: {fileID: 0}
  m_PrefabAsset: {fileID: 0}
  serializedVersion: 6
  m_Component:
  - component: {fileID: 817938023}
  - component: {fileID: 817938022}
  - component: {fileID: 817938021}
  m_Layer: 0
  m_Name: Main Camera
  m_TagString: MainCamera
  m_Icon: {fileID: 0}
  m_NavMeshLayer: 0
  m_StaticEditorFlags: 0
  m_IsActive: 1
--- !u!81 &817938021
AudioListener:
  m_ObjectHideFlags: 0
  m_CorrespondingSourceObject: {fileID: 0}
  m_PrefabInstance: {fileID: 0}
  m_PrefabAsset: {fileID: 0}
  m_GameObject: {fileID: 817938020}
  m_Enabled: 1
--- !u!20 &817938022
Camera:
  m_ObjectHideFlags: 0
  m_CorrespondingSourceObject: {fileID: 0}
  m_PrefabInstance: {fileID: 0}
  m_PrefabAsset: {fileID: 0}
  m_GameObject: {fileID: 817938020}
  m_Enabled: 1
  serializedVersion: 2
  m_ClearFlags: 1
  m_BackGroundColor: {r: 0.19215687, g: 0.3019608, b: 0.4745098, a: 0}
  m_projectionMatrixMode: 1
  m_GateFitMode: 2
  m_FOVAxisMode: 0
  m_Iso: 200
  m_ShutterSpeed: 0.005
  m_Aperture: 16
  m_FocusDistance: 10
  m_FocalLength: 50
  m_BladeCount: 5
  m_Curvature: {x: 2, y: 11}
  m_BarrelClipping: 0.25
  m_Anamorphism: 0
  m_SensorSize: {x: 36, y: 24}
  m_LensShift: {x: 0, y: 0}
  m_NormalizedViewPortRect:
    serializedVersion: 2
    x: 0
    y: 0
    width: 1
    height: 1
  near clip plane: 0.3
  far clip plane: 1000
  field of view: 60
  orthographic: 0
  orthographic size: 5
  m_Depth: -1
  m_CullingMask:
    serializedVersion: 2
    m_Bits: 4294967295
  m_RenderingPath: -1
  m_TargetTexture: {fileID: 0}
  m_TargetDisplay: 0
  m_TargetEye: 3
  m_HDR: 1
  m_AllowMSAA: 1
  m_AllowDynamicResolution: 0
  m_ForceIntoRT: 0
  m_OcclusionCulling: 1
  m_StereoConvergence: 10
  m_StereoSeparation: 0.022
--- !u!4 &817938023
Transform:
  m_ObjectHideFlags: 0
  m_CorrespondingSourceObject: {fileID: 0}
  m_PrefabInstance: {fileID: 0}
  m_PrefabAsset: {fileID: 0}
  m_GameObject: {fileID: 817938020}
  serializedVersion: 2
  m_LocalRotation: {x: -0, y: -0, z: -0, w: 1}
  m_LocalPosition: {x: 0, y: 1.26, z: -1.92}
  m_LocalScale: {x: 1, y: 1, z: 1}
  m_ConstrainProportionsScale: 0
  m_Children: []
  m_Father: {fileID: 1517298699}
  m_LocalEulerAnglesHint: {x: 0, y: 0, z: 0}
--- !u!1001 &852189696
PrefabInstance:
  m_ObjectHideFlags: 0
  serializedVersion: 2
  m_Modification:
    serializedVersion: 3
    m_TransformParent: {fileID: 1768392996}
    m_Modifications:
    - target: {fileID: 434320343503678772, guid: 7b3e6db10d22f504dbc606110b2cb5e7, type: 3}
      propertyPath: m_LocalPosition.x
      value: 18.597334
      objectReference: {fileID: 0}
    - target: {fileID: 434320343503678772, guid: 7b3e6db10d22f504dbc606110b2cb5e7, type: 3}
      propertyPath: m_LocalPosition.y
      value: -13.851689
      objectReference: {fileID: 0}
    - target: {fileID: 434320343503678772, guid: 7b3e6db10d22f504dbc606110b2cb5e7, type: 3}
      propertyPath: m_LocalPosition.z
      value: 7.402072
      objectReference: {fileID: 0}
    - target: {fileID: 434320343503678772, guid: 7b3e6db10d22f504dbc606110b2cb5e7, type: 3}
      propertyPath: m_LocalRotation.w
      value: 0.9113726
      objectReference: {fileID: 0}
    - target: {fileID: 434320343503678772, guid: 7b3e6db10d22f504dbc606110b2cb5e7, type: 3}
      propertyPath: m_LocalRotation.x
      value: -0
      objectReference: {fileID: 0}
    - target: {fileID: 434320343503678772, guid: 7b3e6db10d22f504dbc606110b2cb5e7, type: 3}
      propertyPath: m_LocalRotation.y
      value: -0.41158217
      objectReference: {fileID: 0}
    - target: {fileID: 434320343503678772, guid: 7b3e6db10d22f504dbc606110b2cb5e7, type: 3}
      propertyPath: m_LocalRotation.z
      value: -0
      objectReference: {fileID: 0}
    - target: {fileID: 434320343503678772, guid: 7b3e6db10d22f504dbc606110b2cb5e7, type: 3}
      propertyPath: m_LocalEulerAnglesHint.x
      value: 0
      objectReference: {fileID: 0}
    - target: {fileID: 434320343503678772, guid: 7b3e6db10d22f504dbc606110b2cb5e7, type: 3}
      propertyPath: m_LocalEulerAnglesHint.y
      value: -48.608
      objectReference: {fileID: 0}
    - target: {fileID: 434320343503678772, guid: 7b3e6db10d22f504dbc606110b2cb5e7, type: 3}
      propertyPath: m_LocalEulerAnglesHint.z
      value: 0
      objectReference: {fileID: 0}
    - target: {fileID: 1245006558584958560, guid: 7b3e6db10d22f504dbc606110b2cb5e7, type: 3}
      propertyPath: m_Name
      value: Grass_B (3)
      objectReference: {fileID: 0}
    m_RemovedComponents: []
    m_RemovedGameObjects: []
    m_AddedGameObjects: []
    m_AddedComponents: []
  m_SourcePrefab: {fileID: 100100000, guid: 7b3e6db10d22f504dbc606110b2cb5e7, type: 3}
--- !u!1 &933513869
GameObject:
  m_ObjectHideFlags: 0
  m_CorrespondingSourceObject: {fileID: 0}
  m_PrefabInstance: {fileID: 0}
  m_PrefabAsset: {fileID: 0}
  serializedVersion: 6
  m_Component:
  - component: {fileID: 933513870}
  - component: {fileID: 933513872}
  - component: {fileID: 933513871}
  m_Layer: 0
  m_Name: HP
  m_TagString: Untagged
  m_Icon: {fileID: 0}
  m_NavMeshLayer: 0
  m_StaticEditorFlags: 0
  m_IsActive: 1
--- !u!224 &933513870
RectTransform:
  m_ObjectHideFlags: 0
  m_CorrespondingSourceObject: {fileID: 0}
  m_PrefabInstance: {fileID: 0}
  m_PrefabAsset: {fileID: 0}
  m_GameObject: {fileID: 933513869}
  m_LocalRotation: {x: 0, y: 0, z: 0, w: 1}
  m_LocalPosition: {x: 0, y: 0, z: 0}
  m_LocalScale: {x: 1, y: 1, z: 1}
  m_ConstrainProportionsScale: 0
  m_Children: []
  m_Father: {fileID: 367705638}
  m_LocalEulerAnglesHint: {x: 0, y: 0, z: 0}
  m_AnchorMin: {x: 0, y: 0}
  m_AnchorMax: {x: 0, y: 0}
  m_AnchoredPosition: {x: 115, y: 22}
  m_SizeDelta: {x: 160, y: 30}
  m_Pivot: {x: 0.5, y: 0.5}
--- !u!114 &933513871
MonoBehaviour:
  m_ObjectHideFlags: 0
  m_CorrespondingSourceObject: {fileID: 0}
  m_PrefabInstance: {fileID: 0}
  m_PrefabAsset: {fileID: 0}
  m_GameObject: {fileID: 933513869}
  m_Enabled: 1
  m_EditorHideFlags: 0
  m_Script: {fileID: 11500000, guid: 5f7201a12d95ffc409449d95f23cf332, type: 3}
  m_Name: 
  m_EditorClassIdentifier: 
  m_Material: {fileID: 0}
  m_Color: {r: 0.19607843, g: 0.19607843, b: 0.19607843, a: 1}
  m_RaycastTarget: 1
  m_RaycastPadding: {x: 0, y: 0, z: 0, w: 0}
  m_Maskable: 1
  m_OnCullStateChanged:
    m_PersistentCalls:
      m_Calls: []
  m_FontData:
    m_Font: {fileID: 10102, guid: 0000000000000000e000000000000000, type: 0}
    m_FontSize: 18
    m_FontStyle: 0
    m_BestFit: 0
    m_MinSize: 1
    m_MaxSize: 40
    m_Alignment: 0
    m_AlignByGeometry: 0
    m_RichText: 1
    m_HorizontalOverflow: 0
    m_VerticalOverflow: 0
    m_LineSpacing: 1
  m_Text: 'HP: 5'
--- !u!222 &933513872
CanvasRenderer:
  m_ObjectHideFlags: 0
  m_CorrespondingSourceObject: {fileID: 0}
  m_PrefabInstance: {fileID: 0}
  m_PrefabAsset: {fileID: 0}
  m_GameObject: {fileID: 933513869}
  m_CullTransparentMesh: 1
--- !u!4 &933639752 stripped
Transform:
  m_CorrespondingSourceObject: {fileID: 434320343503678772, guid: 7b3e6db10d22f504dbc606110b2cb5e7, type: 3}
  m_PrefabInstance: {fileID: 1290110252}
  m_PrefabAsset: {fileID: 0}
--- !u!1 &1018838046
GameObject:
  m_ObjectHideFlags: 0
  m_CorrespondingSourceObject: {fileID: 0}
  m_PrefabInstance: {fileID: 0}
  m_PrefabAsset: {fileID: 0}
  serializedVersion: 6
  m_Component:
  - component: {fileID: 1018838048}
  - component: {fileID: 1018838047}
  m_Layer: 0
  m_Name: Directional Light
  m_TagString: Untagged
  m_Icon: {fileID: 0}
  m_NavMeshLayer: 0
  m_StaticEditorFlags: 0
  m_IsActive: 1
--- !u!108 &1018838047
Light:
  m_ObjectHideFlags: 0
  m_CorrespondingSourceObject: {fileID: 0}
  m_PrefabInstance: {fileID: 0}
  m_PrefabAsset: {fileID: 0}
  m_GameObject: {fileID: 1018838046}
  m_Enabled: 1
  serializedVersion: 10
  m_Type: 1
  m_Shape: 0
  m_Color: {r: 0.9622642, g: 0.81395483, b: 0.62184054, a: 0.22745098}
  m_Intensity: 0.3
  m_Range: 10
  m_SpotAngle: 30
  m_InnerSpotAngle: 21.80208
  m_CookieSize: 10
  m_Shadows:
    m_Type: 2
    m_Resolution: -1
    m_CustomResolution: -1
    m_Strength: 1
    m_Bias: 0.05
    m_NormalBias: 0.4
    m_NearPlane: 0.2
    m_CullingMatrixOverride:
      e00: 1
      e01: 0
      e02: 0
      e03: 0
      e10: 0
      e11: 1
      e12: 0
      e13: 0
      e20: 0
      e21: 0
      e22: 1
      e23: 0
      e30: 0
      e31: 0
      e32: 0
      e33: 1
    m_UseCullingMatrixOverride: 0
  m_Cookie: {fileID: 0}
  m_DrawHalo: 0
  m_Flare: {fileID: 0}
  m_RenderMode: 0
  m_CullingMask:
    serializedVersion: 2
    m_Bits: 4294967295
  m_RenderingLayerMask: 1
  m_Lightmapping: 4
  m_LightShadowCasterMode: 0
  m_AreaSize: {x: 1, y: 1}
  m_BounceIntensity: 1
  m_ColorTemperature: 6570
  m_UseColorTemperature: 0
  m_BoundingSphereOverride: {x: 0, y: 0, z: 0, w: 0}
  m_UseBoundingSphereOverride: 0
  m_UseViewFrustumForShadowCasterCull: 1
  m_ShadowRadius: 0
  m_ShadowAngle: 0
--- !u!4 &1018838048
Transform:
  m_ObjectHideFlags: 0
  m_CorrespondingSourceObject: {fileID: 0}
  m_PrefabInstance: {fileID: 0}
  m_PrefabAsset: {fileID: 0}
  m_GameObject: {fileID: 1018838046}
  serializedVersion: 2
  m_LocalRotation: {x: 0.40821788, y: -0.23456968, z: 0.10938163, w: 0.8754261}
  m_LocalPosition: {x: 0, y: 3, z: 0}
  m_LocalScale: {x: 1, y: 1, z: 1}
  m_ConstrainProportionsScale: 0
  m_Children: []
  m_Father: {fileID: 0}
  m_LocalEulerAnglesHint: {x: 50, y: -30, z: 0}
--- !u!1 &1024067699
GameObject:
  m_ObjectHideFlags: 0
  m_CorrespondingSourceObject: {fileID: 0}
  m_PrefabInstance: {fileID: 0}
  m_PrefabAsset: {fileID: 0}
  serializedVersion: 6
  m_Component:
  - component: {fileID: 1024067700}
  - component: {fileID: 1024067703}
  - component: {fileID: 1024067702}
  - component: {fileID: 1024067701}
  m_Layer: 0
  m_Name: Capsule
  m_TagString: Untagged
  m_Icon: {fileID: 0}
  m_NavMeshLayer: 0
  m_StaticEditorFlags: 0
  m_IsActive: 1
--- !u!4 &1024067700
Transform:
  m_ObjectHideFlags: 0
  m_CorrespondingSourceObject: {fileID: 0}
  m_PrefabInstance: {fileID: 0}
  m_PrefabAsset: {fileID: 0}
  m_GameObject: {fileID: 1024067699}
  serializedVersion: 2
  m_LocalRotation: {x: -0.18976162, y: 0.00000006587792, z: 0.000000011779838, w: 0.9818302}
  m_LocalPosition: {x: 0, y: -0.0215, z: 0.0091}
  m_LocalScale: {x: 0.01, y: 0.04, z: 0.01}
  m_ConstrainProportionsScale: 0
  m_Children: []
  m_Father: {fileID: 528448914}
  m_LocalEulerAnglesHint: {x: -21.878, y: 0, z: 0}
--- !u!136 &1024067701
CapsuleCollider:
  m_ObjectHideFlags: 0
  m_CorrespondingSourceObject: {fileID: 0}
  m_PrefabInstance: {fileID: 0}
  m_PrefabAsset: {fileID: 0}
  m_GameObject: {fileID: 1024067699}
  m_Material: {fileID: 0}
  m_IncludeLayers:
    serializedVersion: 2
    m_Bits: 0
  m_ExcludeLayers:
    serializedVersion: 2
    m_Bits: 0
  m_LayerOverridePriority: 0
  m_IsTrigger: 1
  m_ProvidesContacts: 0
  m_Enabled: 1
  serializedVersion: 2
  m_Radius: 0.5
  m_Height: 2
  m_Direction: 1
  m_Center: {x: 0, y: 0, z: 0}
--- !u!23 &1024067702
MeshRenderer:
  m_ObjectHideFlags: 0
  m_CorrespondingSourceObject: {fileID: 0}
  m_PrefabInstance: {fileID: 0}
  m_PrefabAsset: {fileID: 0}
  m_GameObject: {fileID: 1024067699}
  m_Enabled: 0
  m_CastShadows: 1
  m_ReceiveShadows: 1
  m_DynamicOccludee: 1
  m_StaticShadowCaster: 0
  m_MotionVectors: 1
  m_LightProbeUsage: 1
  m_ReflectionProbeUsage: 1
  m_RayTracingMode: 2
  m_RayTraceProcedural: 0
  m_RenderingLayerMask: 1
  m_RendererPriority: 0
  m_Materials:
  - {fileID: 10303, guid: 0000000000000000f000000000000000, type: 0}
  m_StaticBatchInfo:
    firstSubMesh: 0
    subMeshCount: 0
  m_StaticBatchRoot: {fileID: 0}
  m_ProbeAnchor: {fileID: 0}
  m_LightProbeVolumeOverride: {fileID: 0}
  m_ScaleInLightmap: 1
  m_ReceiveGI: 1
  m_PreserveUVs: 0
  m_IgnoreNormalsForChartDetection: 0
  m_ImportantGI: 0
  m_StitchLightmapSeams: 1
  m_SelectedEditorRenderState: 3
  m_MinimumChartSize: 4
  m_AutoUVMaxDistance: 0.5
  m_AutoUVMaxAngle: 89
  m_LightmapParameters: {fileID: 0}
  m_SortingLayerID: 0
  m_SortingLayer: 0
  m_SortingOrder: 0
  m_AdditionalVertexStreams: {fileID: 0}
--- !u!33 &1024067703
MeshFilter:
  m_ObjectHideFlags: 0
  m_CorrespondingSourceObject: {fileID: 0}
  m_PrefabInstance: {fileID: 0}
  m_PrefabAsset: {fileID: 0}
  m_GameObject: {fileID: 1024067699}
  m_Mesh: {fileID: 10208, guid: 0000000000000000e000000000000000, type: 0}
--- !u!1 &1076519841 stripped
GameObject:
  m_CorrespondingSourceObject: {fileID: 1084800020336090, guid: 9e066cea98814aa448c70270a3c60251, type: 3}
  m_PrefabInstance: {fileID: 1517298694}
  m_PrefabAsset: {fileID: 0}
--- !u!1 &1187685103
GameObject:
  m_ObjectHideFlags: 0
  m_CorrespondingSourceObject: {fileID: 0}
  m_PrefabInstance: {fileID: 0}
  m_PrefabAsset: {fileID: 0}
  serializedVersion: 6
  m_Component:
  - component: {fileID: 1187685104}
  - component: {fileID: 1187685107}
  - component: {fileID: 1187685106}
  - component: {fileID: 1187685105}
  m_Layer: 0
  m_Name: Cube
  m_TagString: Untagged
  m_Icon: {fileID: 0}
  m_NavMeshLayer: 0
  m_StaticEditorFlags: 0
  m_IsActive: 1
--- !u!4 &1187685104
Transform:
  m_ObjectHideFlags: 0
  m_CorrespondingSourceObject: {fileID: 0}
  m_PrefabInstance: {fileID: 0}
  m_PrefabAsset: {fileID: 0}
  m_GameObject: {fileID: 1187685103}
  serializedVersion: 2
  m_LocalRotation: {x: 0, y: 0, z: 0, w: 1}
  m_LocalPosition: {x: 0, y: 0, z: 0}
  m_LocalScale: {x: 1, y: 1, z: 1}
  m_ConstrainProportionsScale: 0
  m_Children: []
  m_Father: {fileID: 566258894}
  m_LocalEulerAnglesHint: {x: 0, y: 0, z: 0}
--- !u!65 &1187685105
BoxCollider:
  m_ObjectHideFlags: 0
  m_CorrespondingSourceObject: {fileID: 0}
  m_PrefabInstance: {fileID: 0}
  m_PrefabAsset: {fileID: 0}
  m_GameObject: {fileID: 1187685103}
  m_Material: {fileID: 13400000, guid: db5a4cef8ce69714d8db0bc66d0cfc9d, type: 2}
  m_IncludeLayers:
    serializedVersion: 2
    m_Bits: 0
  m_ExcludeLayers:
    serializedVersion: 2
    m_Bits: 0
  m_LayerOverridePriority: 0
  m_IsTrigger: 0
  m_ProvidesContacts: 0
  m_Enabled: 1
  serializedVersion: 3
  m_Size: {x: 0.03, y: 0.03, z: 0.03}
  m_Center: {x: 0, y: 0.03, z: 0}
--- !u!23 &1187685106
MeshRenderer:
  m_ObjectHideFlags: 0
  m_CorrespondingSourceObject: {fileID: 0}
  m_PrefabInstance: {fileID: 0}
  m_PrefabAsset: {fileID: 0}
  m_GameObject: {fileID: 1187685103}
  m_Enabled: 0
  m_CastShadows: 1
  m_ReceiveShadows: 1
  m_DynamicOccludee: 1
  m_StaticShadowCaster: 0
  m_MotionVectors: 1
  m_LightProbeUsage: 1
  m_ReflectionProbeUsage: 1
  m_RayTracingMode: 2
  m_RayTraceProcedural: 0
  m_RenderingLayerMask: 1
  m_RendererPriority: 0
  m_Materials:
  - {fileID: 10303, guid: 0000000000000000f000000000000000, type: 0}
  m_StaticBatchInfo:
    firstSubMesh: 0
    subMeshCount: 0
  m_StaticBatchRoot: {fileID: 0}
  m_ProbeAnchor: {fileID: 0}
  m_LightProbeVolumeOverride: {fileID: 0}
  m_ScaleInLightmap: 1
  m_ReceiveGI: 1
  m_PreserveUVs: 0
  m_IgnoreNormalsForChartDetection: 0
  m_ImportantGI: 0
  m_StitchLightmapSeams: 1
  m_SelectedEditorRenderState: 3
  m_MinimumChartSize: 4
  m_AutoUVMaxDistance: 0.5
  m_AutoUVMaxAngle: 89
  m_LightmapParameters: {fileID: 0}
  m_SortingLayerID: 0
  m_SortingLayer: 0
  m_SortingOrder: 0
  m_AdditionalVertexStreams: {fileID: 0}
--- !u!33 &1187685107
MeshFilter:
  m_ObjectHideFlags: 0
  m_CorrespondingSourceObject: {fileID: 0}
  m_PrefabInstance: {fileID: 0}
  m_PrefabAsset: {fileID: 0}
  m_GameObject: {fileID: 1187685103}
  m_Mesh: {fileID: 10202, guid: 0000000000000000e000000000000000, type: 0}
--- !u!1001 &1266717996
PrefabInstance:
  m_ObjectHideFlags: 0
  serializedVersion: 2
  m_Modification:
    serializedVersion: 3
    m_TransformParent: {fileID: 0}
    m_Modifications:
    - target: {fileID: 1703160672665336, guid: 51a5e06934e40e1468d0367239466bc4, type: 3}
      propertyPath: m_Name
      value: BlackDragon
      objectReference: {fileID: 0}
    - target: {fileID: 1703160672665336, guid: 51a5e06934e40e1468d0367239466bc4, type: 3}
      propertyPath: m_TagString
      value: Dragon
      objectReference: {fileID: 0}
    - target: {fileID: 4170835353155486, guid: 51a5e06934e40e1468d0367239466bc4, type: 3}
      propertyPath: m_LocalPosition.x
      value: 0
      objectReference: {fileID: 0}
    - target: {fileID: 4170835353155486, guid: 51a5e06934e40e1468d0367239466bc4, type: 3}
      propertyPath: m_LocalPosition.y
      value: 0.0034
      objectReference: {fileID: 0}
    - target: {fileID: 4170835353155486, guid: 51a5e06934e40e1468d0367239466bc4, type: 3}
      propertyPath: m_LocalPosition.z
      value: 0
      objectReference: {fileID: 0}
    - target: {fileID: 4795194407924298, guid: 51a5e06934e40e1468d0367239466bc4, type: 3}
      propertyPath: m_LocalScale.x
      value: 0.3
      objectReference: {fileID: 0}
    - target: {fileID: 4795194407924298, guid: 51a5e06934e40e1468d0367239466bc4, type: 3}
      propertyPath: m_LocalScale.y
      value: 0.3
      objectReference: {fileID: 0}
    - target: {fileID: 4795194407924298, guid: 51a5e06934e40e1468d0367239466bc4, type: 3}
      propertyPath: m_LocalScale.z
      value: 0.3
      objectReference: {fileID: 0}
    - target: {fileID: 4795194407924298, guid: 51a5e06934e40e1468d0367239466bc4, type: 3}
      propertyPath: m_LocalPosition.x
      value: 4.467684
      objectReference: {fileID: 0}
    - target: {fileID: 4795194407924298, guid: 51a5e06934e40e1468d0367239466bc4, type: 3}
      propertyPath: m_LocalPosition.y
      value: 0
      objectReference: {fileID: 0}
    - target: {fileID: 4795194407924298, guid: 51a5e06934e40e1468d0367239466bc4, type: 3}
      propertyPath: m_LocalPosition.z
      value: 12.474971
      objectReference: {fileID: 0}
    - target: {fileID: 4795194407924298, guid: 51a5e06934e40e1468d0367239466bc4, type: 3}
      propertyPath: m_LocalRotation.w
      value: 0.51991457
      objectReference: {fileID: 0}
    - target: {fileID: 4795194407924298, guid: 51a5e06934e40e1468d0367239466bc4, type: 3}
      propertyPath: m_LocalRotation.x
      value: -0
      objectReference: {fileID: 0}
    - target: {fileID: 4795194407924298, guid: 51a5e06934e40e1468d0367239466bc4, type: 3}
      propertyPath: m_LocalRotation.y
      value: -0.8542183
      objectReference: {fileID: 0}
    - target: {fileID: 4795194407924298, guid: 51a5e06934e40e1468d0367239466bc4, type: 3}
      propertyPath: m_LocalRotation.z
      value: -0
      objectReference: {fileID: 0}
    - target: {fileID: 4795194407924298, guid: 51a5e06934e40e1468d0367239466bc4, type: 3}
      propertyPath: m_LocalEulerAnglesHint.x
      value: 0
      objectReference: {fileID: 0}
    - target: {fileID: 4795194407924298, guid: 51a5e06934e40e1468d0367239466bc4, type: 3}
      propertyPath: m_LocalEulerAnglesHint.y
      value: -117.347
      objectReference: {fileID: 0}
    - target: {fileID: 4795194407924298, guid: 51a5e06934e40e1468d0367239466bc4, type: 3}
      propertyPath: m_LocalEulerAnglesHint.z
      value: 0
      objectReference: {fileID: 0}
    - target: {fileID: 114944368084590064, guid: 51a5e06934e40e1468d0367239466bc4, type: 3}
      propertyPath: m_Enabled
      value: 0
      objectReference: {fileID: 0}
    m_RemovedComponents: []
    m_RemovedGameObjects: []
    m_AddedGameObjects:
    - targetCorrespondingSourceObject: {fileID: 4462665854525016, guid: 51a5e06934e40e1468d0367239466bc4, type: 3}
      insertIndex: -1
      addedObject: {fileID: 1380786278}
    - targetCorrespondingSourceObject: {fileID: 4826564444250892, guid: 51a5e06934e40e1468d0367239466bc4, type: 3}
      insertIndex: -1
      addedObject: {fileID: 1024067700}
    - targetCorrespondingSourceObject: {fileID: 4076475388850396, guid: 51a5e06934e40e1468d0367239466bc4, type: 3}
      insertIndex: -1
      addedObject: {fileID: 208778725}
    - targetCorrespondingSourceObject: {fileID: 4076475388850396, guid: 51a5e06934e40e1468d0367239466bc4, type: 3}
      insertIndex: -1
      addedObject: {fileID: 1187685104}
    m_AddedComponents:
    - targetCorrespondingSourceObject: {fileID: 1703160672665336, guid: 51a5e06934e40e1468d0367239466bc4, type: 3}
      insertIndex: 2
      addedObject: {fileID: 616820827}
    - targetCorrespondingSourceObject: {fileID: 1703160672665336, guid: 51a5e06934e40e1468d0367239466bc4, type: 3}
      insertIndex: -1
      addedObject: {fileID: 616820823}
  m_SourcePrefab: {fileID: 100100000, guid: 51a5e06934e40e1468d0367239466bc4, type: 3}
--- !u!4 &1266717997 stripped
Transform:
  m_CorrespondingSourceObject: {fileID: 4462665854525016, guid: 51a5e06934e40e1468d0367239466bc4, type: 3}
  m_PrefabInstance: {fileID: 1266717996}
  m_PrefabAsset: {fileID: 0}
--- !u!1001 &1290110252
PrefabInstance:
  m_ObjectHideFlags: 0
  serializedVersion: 2
  m_Modification:
    serializedVersion: 3
    m_TransformParent: {fileID: 1768392996}
    m_Modifications:
    - target: {fileID: 434320343503678772, guid: 7b3e6db10d22f504dbc606110b2cb5e7, type: 3}
      propertyPath: m_LocalPosition.x
      value: 19.42488
      objectReference: {fileID: 0}
    - target: {fileID: 434320343503678772, guid: 7b3e6db10d22f504dbc606110b2cb5e7, type: 3}
      propertyPath: m_LocalPosition.y
      value: -13.851689
      objectReference: {fileID: 0}
    - target: {fileID: 434320343503678772, guid: 7b3e6db10d22f504dbc606110b2cb5e7, type: 3}
      propertyPath: m_LocalPosition.z
      value: 0.612654
      objectReference: {fileID: 0}
    - target: {fileID: 434320343503678772, guid: 7b3e6db10d22f504dbc606110b2cb5e7, type: 3}
      propertyPath: m_LocalRotation.w
      value: 0.9113726
      objectReference: {fileID: 0}
    - target: {fileID: 434320343503678772, guid: 7b3e6db10d22f504dbc606110b2cb5e7, type: 3}
      propertyPath: m_LocalRotation.x
      value: -0
      objectReference: {fileID: 0}
    - target: {fileID: 434320343503678772, guid: 7b3e6db10d22f504dbc606110b2cb5e7, type: 3}
      propertyPath: m_LocalRotation.y
      value: -0.41158217
      objectReference: {fileID: 0}
    - target: {fileID: 434320343503678772, guid: 7b3e6db10d22f504dbc606110b2cb5e7, type: 3}
      propertyPath: m_LocalRotation.z
      value: -0
      objectReference: {fileID: 0}
    - target: {fileID: 434320343503678772, guid: 7b3e6db10d22f504dbc606110b2cb5e7, type: 3}
      propertyPath: m_LocalEulerAnglesHint.x
      value: 0
      objectReference: {fileID: 0}
    - target: {fileID: 434320343503678772, guid: 7b3e6db10d22f504dbc606110b2cb5e7, type: 3}
      propertyPath: m_LocalEulerAnglesHint.y
      value: -48.608
      objectReference: {fileID: 0}
    - target: {fileID: 434320343503678772, guid: 7b3e6db10d22f504dbc606110b2cb5e7, type: 3}
      propertyPath: m_LocalEulerAnglesHint.z
      value: 0
      objectReference: {fileID: 0}
    - target: {fileID: 1245006558584958560, guid: 7b3e6db10d22f504dbc606110b2cb5e7, type: 3}
      propertyPath: m_Name
      value: Grass_B
      objectReference: {fileID: 0}
    m_RemovedComponents: []
    m_RemovedGameObjects: []
    m_AddedGameObjects: []
    m_AddedComponents: []
  m_SourcePrefab: {fileID: 100100000, guid: 7b3e6db10d22f504dbc606110b2cb5e7, type: 3}
--- !u!4 &1368306099 stripped
Transform:
  m_CorrespondingSourceObject: {fileID: 8874654536109223509, guid: 8569bec78272c564ab74ca5b8a4762f1, type: 3}
  m_PrefabInstance: {fileID: 1793884465}
  m_PrefabAsset: {fileID: 0}
--- !u!1 &1380786277
GameObject:
  m_ObjectHideFlags: 0
  m_CorrespondingSourceObject: {fileID: 0}
  m_PrefabInstance: {fileID: 0}
  m_PrefabAsset: {fileID: 0}
  serializedVersion: 6
  m_Component:
  - component: {fileID: 1380786278}
  - component: {fileID: 1380786281}
  - component: {fileID: 1380786280}
  - component: {fileID: 1380786279}
  m_Layer: 0
  m_Name: Sphere
  m_TagString: Untagged
  m_Icon: {fileID: 0}
  m_NavMeshLayer: 0
  m_StaticEditorFlags: 0
  m_IsActive: 1
--- !u!4 &1380786278
Transform:
  m_ObjectHideFlags: 0
  m_CorrespondingSourceObject: {fileID: 0}
  m_PrefabInstance: {fileID: 0}
  m_PrefabAsset: {fileID: 0}
  m_GameObject: {fileID: 1380786277}
  serializedVersion: 2
  m_LocalRotation: {x: 0, y: 0, z: 0, w: 1}
  m_LocalPosition: {x: 0, y: 0.00386, z: 0}
  m_LocalScale: {x: 0.015, y: 0.015, z: 0.015}
  m_ConstrainProportionsScale: 1
  m_Children: []
  m_Father: {fileID: 1266717997}
  m_LocalEulerAnglesHint: {x: 0, y: 0, z: 0}
--- !u!135 &1380786279
SphereCollider:
  m_ObjectHideFlags: 0
  m_CorrespondingSourceObject: {fileID: 0}
  m_PrefabInstance: {fileID: 0}
  m_PrefabAsset: {fileID: 0}
  m_GameObject: {fileID: 1380786277}
  m_Material: {fileID: 0}
  m_IncludeLayers:
    serializedVersion: 2
    m_Bits: 0
  m_ExcludeLayers:
    serializedVersion: 2
    m_Bits: 0
  m_LayerOverridePriority: 0
  m_IsTrigger: 1
  m_ProvidesContacts: 0
  m_Enabled: 1
  serializedVersion: 3
  m_Radius: 0.56310534
  m_Center: {x: 0.000000031527446, y: 0.000000018507233, z: 0.06310547}
--- !u!23 &1380786280
MeshRenderer:
  m_ObjectHideFlags: 0
  m_CorrespondingSourceObject: {fileID: 0}
  m_PrefabInstance: {fileID: 0}
  m_PrefabAsset: {fileID: 0}
  m_GameObject: {fileID: 1380786277}
  m_Enabled: 0
  m_CastShadows: 1
  m_ReceiveShadows: 1
  m_DynamicOccludee: 1
  m_StaticShadowCaster: 0
  m_MotionVectors: 1
  m_LightProbeUsage: 1
  m_ReflectionProbeUsage: 1
  m_RayTracingMode: 2
  m_RayTraceProcedural: 0
  m_RenderingLayerMask: 1
  m_RendererPriority: 0
  m_Materials:
  - {fileID: 10303, guid: 0000000000000000f000000000000000, type: 0}
  m_StaticBatchInfo:
    firstSubMesh: 0
    subMeshCount: 0
  m_StaticBatchRoot: {fileID: 0}
  m_ProbeAnchor: {fileID: 0}
  m_LightProbeVolumeOverride: {fileID: 0}
  m_ScaleInLightmap: 1
  m_ReceiveGI: 1
  m_PreserveUVs: 0
  m_IgnoreNormalsForChartDetection: 0
  m_ImportantGI: 0
  m_StitchLightmapSeams: 1
  m_SelectedEditorRenderState: 3
  m_MinimumChartSize: 4
  m_AutoUVMaxDistance: 0.5
  m_AutoUVMaxAngle: 89
  m_LightmapParameters: {fileID: 0}
  m_SortingLayerID: 0
  m_SortingLayer: 0
  m_SortingOrder: 0
  m_AdditionalVertexStreams: {fileID: 0}
--- !u!33 &1380786281
MeshFilter:
  m_ObjectHideFlags: 0
  m_CorrespondingSourceObject: {fileID: 0}
  m_PrefabInstance: {fileID: 0}
  m_PrefabAsset: {fileID: 0}
  m_GameObject: {fileID: 1380786277}
  m_Mesh: {fileID: 10207, guid: 0000000000000000e000000000000000, type: 0}
--- !u!1 &1408879335
GameObject:
  m_ObjectHideFlags: 0
  m_CorrespondingSourceObject: {fileID: 0}
  m_PrefabInstance: {fileID: 0}
  m_PrefabAsset: {fileID: 0}
  serializedVersion: 6
  m_Component:
  - component: {fileID: 1408879337}
  - component: {fileID: 1408879336}
  m_Layer: 0
  m_Name: Audio Source
  m_TagString: Untagged
  m_Icon: {fileID: 0}
  m_NavMeshLayer: 0
  m_StaticEditorFlags: 0
  m_IsActive: 1
--- !u!82 &1408879336
AudioSource:
  m_ObjectHideFlags: 0
  m_CorrespondingSourceObject: {fileID: 0}
  m_PrefabInstance: {fileID: 0}
  m_PrefabAsset: {fileID: 0}
  m_GameObject: {fileID: 1408879335}
  m_Enabled: 1
  serializedVersion: 4
  OutputAudioMixerGroup: {fileID: 0}
  m_audioClip: {fileID: 8300000, guid: 76f088ad0e4d25b4696c8dd3719d880a, type: 3}
  m_PlayOnAwake: 1
  m_Volume: 1
  m_Pitch: 1
  Loop: 1
  Mute: 0
  Spatialize: 0
  SpatializePostEffects: 0
  Priority: 128
  DopplerLevel: 1
  MinDistance: 1
  MaxDistance: 500
  Pan2D: 0
  rolloffMode: 0
  BypassEffects: 0
  BypassListenerEffects: 0
  BypassReverbZones: 0
  rolloffCustomCurve:
    serializedVersion: 2
    m_Curve:
    - serializedVersion: 3
      time: 0
      value: 1
      inSlope: 0
      outSlope: 0
      tangentMode: 0
      weightedMode: 0
      inWeight: 0.33333334
      outWeight: 0.33333334
    - serializedVersion: 3
      time: 1
      value: 0
      inSlope: 0
      outSlope: 0
      tangentMode: 0
      weightedMode: 0
      inWeight: 0.33333334
      outWeight: 0.33333334
    m_PreInfinity: 2
    m_PostInfinity: 2
    m_RotationOrder: 4
  panLevelCustomCurve:
    serializedVersion: 2
    m_Curve:
    - serializedVersion: 3
      time: 0
      value: 0
      inSlope: 0
      outSlope: 0
      tangentMode: 0
      weightedMode: 0
      inWeight: 0.33333334
      outWeight: 0.33333334
    m_PreInfinity: 2
    m_PostInfinity: 2
    m_RotationOrder: 4
  spreadCustomCurve:
    serializedVersion: 2
    m_Curve:
    - serializedVersion: 3
      time: 0
      value: 0
      inSlope: 0
      outSlope: 0
      tangentMode: 0
      weightedMode: 0
      inWeight: 0.33333334
      outWeight: 0.33333334
    m_PreInfinity: 2
    m_PostInfinity: 2
    m_RotationOrder: 4
  reverbZoneMixCustomCurve:
    serializedVersion: 2
    m_Curve:
    - serializedVersion: 3
      time: 0
      value: 1
      inSlope: 0
      outSlope: 0
      tangentMode: 0
      weightedMode: 0
      inWeight: 0.33333334
      outWeight: 0.33333334
    m_PreInfinity: 2
    m_PostInfinity: 2
    m_RotationOrder: 4
--- !u!4 &1408879337
Transform:
  m_ObjectHideFlags: 0
  m_CorrespondingSourceObject: {fileID: 0}
  m_PrefabInstance: {fileID: 0}
  m_PrefabAsset: {fileID: 0}
  m_GameObject: {fileID: 1408879335}
  serializedVersion: 2
  m_LocalRotation: {x: 0, y: 0, z: 0, w: 1}
  m_LocalPosition: {x: 0, y: 4.11, z: -1.9200001}
  m_LocalScale: {x: 1, y: 1, z: 1}
  m_ConstrainProportionsScale: 0
  m_Children: []
  m_Father: {fileID: 0}
  m_LocalEulerAnglesHint: {x: 0, y: 0, z: 0}
--- !u!4 &1433479522 stripped
Transform:
  m_CorrespondingSourceObject: {fileID: 8345125494760415452, guid: 176a42107ce66c44aa74a67424591597, type: 3}
  m_PrefabInstance: {fileID: 2057480753}
  m_PrefabAsset: {fileID: 0}
--- !u!1001 &1495094425
PrefabInstance:
  m_ObjectHideFlags: 0
  serializedVersion: 2
  m_Modification:
    serializedVersion: 3
    m_TransformParent: {fileID: 1768392996}
    m_Modifications:
    - target: {fileID: 434320343503678772, guid: 7b3e6db10d22f504dbc606110b2cb5e7, type: 3}
      propertyPath: m_LocalPosition.x
      value: 17.09174
      objectReference: {fileID: 0}
    - target: {fileID: 434320343503678772, guid: 7b3e6db10d22f504dbc606110b2cb5e7, type: 3}
      propertyPath: m_LocalPosition.y
      value: -13.851689
      objectReference: {fileID: 0}
    - target: {fileID: 434320343503678772, guid: 7b3e6db10d22f504dbc606110b2cb5e7, type: 3}
      propertyPath: m_LocalPosition.z
      value: 0.19467092
      objectReference: {fileID: 0}
    - target: {fileID: 434320343503678772, guid: 7b3e6db10d22f504dbc606110b2cb5e7, type: 3}
      propertyPath: m_LocalRotation.w
      value: 1
      objectReference: {fileID: 0}
    - target: {fileID: 434320343503678772, guid: 7b3e6db10d22f504dbc606110b2cb5e7, type: 3}
      propertyPath: m_LocalRotation.x
      value: -0
      objectReference: {fileID: 0}
    - target: {fileID: 434320343503678772, guid: 7b3e6db10d22f504dbc606110b2cb5e7, type: 3}
      propertyPath: m_LocalRotation.y
      value: -0
      objectReference: {fileID: 0}
    - target: {fileID: 434320343503678772, guid: 7b3e6db10d22f504dbc606110b2cb5e7, type: 3}
      propertyPath: m_LocalRotation.z
      value: -0
      objectReference: {fileID: 0}
    - target: {fileID: 434320343503678772, guid: 7b3e6db10d22f504dbc606110b2cb5e7, type: 3}
      propertyPath: m_LocalEulerAnglesHint.x
      value: 0
      objectReference: {fileID: 0}
    - target: {fileID: 434320343503678772, guid: 7b3e6db10d22f504dbc606110b2cb5e7, type: 3}
      propertyPath: m_LocalEulerAnglesHint.y
      value: 0
      objectReference: {fileID: 0}
    - target: {fileID: 434320343503678772, guid: 7b3e6db10d22f504dbc606110b2cb5e7, type: 3}
      propertyPath: m_LocalEulerAnglesHint.z
      value: 0
      objectReference: {fileID: 0}
    - target: {fileID: 1245006558584958560, guid: 7b3e6db10d22f504dbc606110b2cb5e7, type: 3}
      propertyPath: m_Name
      value: Grass_B
      objectReference: {fileID: 0}
    m_RemovedComponents: []
    m_RemovedGameObjects: []
    m_AddedGameObjects: []
    m_AddedComponents: []
  m_SourcePrefab: {fileID: 100100000, guid: 7b3e6db10d22f504dbc606110b2cb5e7, type: 3}
--- !u!1001 &1517298694
PrefabInstance:
  m_ObjectHideFlags: 0
  serializedVersion: 2
  m_Modification:
    serializedVersion: 3
    m_TransformParent: {fileID: 0}
    m_Modifications:
    - target: {fileID: 1396151517390792, guid: 9e066cea98814aa448c70270a3c60251, type: 3}
      propertyPath: m_TagString
      value: Weapon
      objectReference: {fileID: 0}
    - target: {fileID: 1949430161825482, guid: 9e066cea98814aa448c70270a3c60251, type: 3}
      propertyPath: m_Name
      value: player
      objectReference: {fileID: 0}
    - target: {fileID: 1949430161825482, guid: 9e066cea98814aa448c70270a3c60251, type: 3}
      propertyPath: m_TagString
      value: Player
      objectReference: {fileID: 0}
    - target: {fileID: 4143043869680710, guid: 9e066cea98814aa448c70270a3c60251, type: 3}
      propertyPath: m_LocalPosition.y
      value: 2.69
      objectReference: {fileID: 0}
    - target: {fileID: 4143043869680710, guid: 9e066cea98814aa448c70270a3c60251, type: 3}
      propertyPath: m_LocalPosition.z
      value: 0.87
      objectReference: {fileID: 0}
    - target: {fileID: 4394185532969230, guid: 9e066cea98814aa448c70270a3c60251, type: 3}
      propertyPath: m_LocalPosition.x
      value: 0
      objectReference: {fileID: 0}
    - target: {fileID: 4394185532969230, guid: 9e066cea98814aa448c70270a3c60251, type: 3}
      propertyPath: m_LocalPosition.y
      value: 0.3
      objectReference: {fileID: 0}
    - target: {fileID: 4394185532969230, guid: 9e066cea98814aa448c70270a3c60251, type: 3}
      propertyPath: m_LocalPosition.z
      value: 0
      objectReference: {fileID: 0}
    - target: {fileID: 4394185532969230, guid: 9e066cea98814aa448c70270a3c60251, type: 3}
      propertyPath: m_LocalRotation.w
      value: 1
      objectReference: {fileID: 0}
    - target: {fileID: 4394185532969230, guid: 9e066cea98814aa448c70270a3c60251, type: 3}
      propertyPath: m_LocalRotation.x
      value: 0
      objectReference: {fileID: 0}
    - target: {fileID: 4394185532969230, guid: 9e066cea98814aa448c70270a3c60251, type: 3}
      propertyPath: m_LocalRotation.y
      value: 0
      objectReference: {fileID: 0}
    - target: {fileID: 4394185532969230, guid: 9e066cea98814aa448c70270a3c60251, type: 3}
      propertyPath: m_LocalRotation.z
      value: 0
      objectReference: {fileID: 0}
    - target: {fileID: 4394185532969230, guid: 9e066cea98814aa448c70270a3c60251, type: 3}
      propertyPath: m_LocalEulerAnglesHint.x
      value: 0
      objectReference: {fileID: 0}
    - target: {fileID: 4394185532969230, guid: 9e066cea98814aa448c70270a3c60251, type: 3}
      propertyPath: m_LocalEulerAnglesHint.y
      value: 0
      objectReference: {fileID: 0}
    - target: {fileID: 4394185532969230, guid: 9e066cea98814aa448c70270a3c60251, type: 3}
      propertyPath: m_LocalEulerAnglesHint.z
      value: 0
      objectReference: {fileID: 0}
    - target: {fileID: 4528263218302014, guid: 9e066cea98814aa448c70270a3c60251, type: 3}
      propertyPath: m_LocalScale.x
      value: 0.71311855
      objectReference: {fileID: 0}
    - target: {fileID: 4528263218302014, guid: 9e066cea98814aa448c70270a3c60251, type: 3}
      propertyPath: m_LocalScale.z
      value: 0.87513036
      objectReference: {fileID: 0}
    - target: {fileID: 4528263218302014, guid: 9e066cea98814aa448c70270a3c60251, type: 3}
      propertyPath: m_LocalPosition.x
      value: 0.30844
      objectReference: {fileID: 0}
    - target: {fileID: 4528263218302014, guid: 9e066cea98814aa448c70270a3c60251, type: 3}
      propertyPath: m_LocalPosition.z
      value: 0.021288
      objectReference: {fileID: 0}
    - target: {fileID: 4558112910777198, guid: 9e066cea98814aa448c70270a3c60251, type: 3}
      propertyPath: m_LocalPosition.y
      value: 1.37
      objectReference: {fileID: 0}
    - target: {fileID: 95549024643180554, guid: 9e066cea98814aa448c70270a3c60251, type: 3}
      propertyPath: m_CullingMode
      value: 0
      objectReference: {fileID: 0}
    - target: {fileID: 95549024643180554, guid: 9e066cea98814aa448c70270a3c60251, type: 3}
      propertyPath: m_ApplyRootMotion
      value: 0
      objectReference: {fileID: 0}
    m_RemovedComponents: []
    m_RemovedGameObjects: []
    m_AddedGameObjects:
    - targetCorrespondingSourceObject: {fileID: 4394185532969230, guid: 9e066cea98814aa448c70270a3c60251, type: 3}
      insertIndex: -1
      addedObject: {fileID: 817938023}
    m_AddedComponents:
    - targetCorrespondingSourceObject: {fileID: 1949430161825482, guid: 9e066cea98814aa448c70270a3c60251, type: 3}
      insertIndex: -1
      addedObject: {fileID: 1517298696}
    - targetCorrespondingSourceObject: {fileID: 1949430161825482, guid: 9e066cea98814aa448c70270a3c60251, type: 3}
      insertIndex: -1
      addedObject: {fileID: 1517298702}
    - targetCorrespondingSourceObject: {fileID: 1949430161825482, guid: 9e066cea98814aa448c70270a3c60251, type: 3}
      insertIndex: -1
      addedObject: {fileID: 1517298701}
    - targetCorrespondingSourceObject: {fileID: 1949430161825482, guid: 9e066cea98814aa448c70270a3c60251, type: 3}
      insertIndex: -1
      addedObject: {fileID: 1517298697}
    - targetCorrespondingSourceObject: {fileID: 1949430161825482, guid: 9e066cea98814aa448c70270a3c60251, type: 3}
      insertIndex: -1
      addedObject: {fileID: 1517298698}
    - targetCorrespondingSourceObject: {fileID: 1949430161825482, guid: 9e066cea98814aa448c70270a3c60251, type: 3}
      insertIndex: -1
      addedObject: {fileID: 1517298700}
    - targetCorrespondingSourceObject: {fileID: 1396151517390792, guid: 9e066cea98814aa448c70270a3c60251, type: 3}
      insertIndex: -1
      addedObject: {fileID: 487933035}
  m_SourcePrefab: {fileID: 100100000, guid: 9e066cea98814aa448c70270a3c60251, type: 3}
--- !u!1 &1517298695 stripped
GameObject:
  m_CorrespondingSourceObject: {fileID: 1949430161825482, guid: 9e066cea98814aa448c70270a3c60251, type: 3}
  m_PrefabInstance: {fileID: 1517298694}
  m_PrefabAsset: {fileID: 0}
--- !u!54 &1517298696
Rigidbody:
  m_ObjectHideFlags: 0
  m_CorrespondingSourceObject: {fileID: 0}
  m_PrefabInstance: {fileID: 0}
  m_PrefabAsset: {fileID: 0}
  m_GameObject: {fileID: 1517298695}
  serializedVersion: 4
  m_Mass: 100
  m_Drag: 12
  m_AngularDrag: 100
  m_CenterOfMass: {x: 0, y: 0, z: 0}
  m_InertiaTensor: {x: 1, y: 1, z: 1}
  m_InertiaRotation: {x: 0, y: 0, z: 0, w: 1}
  m_IncludeLayers:
    serializedVersion: 2
    m_Bits: 0
  m_ExcludeLayers:
    serializedVersion: 2
    m_Bits: 0
  m_ImplicitCom: 1
  m_ImplicitTensor: 1
  m_UseGravity: 1
  m_IsKinematic: 0
  m_Interpolate: 0
  m_Constraints: 80
  m_CollisionDetection: 0
--- !u!114 &1517298697
MonoBehaviour:
  m_ObjectHideFlags: 0
  m_CorrespondingSourceObject: {fileID: 0}
  m_PrefabInstance: {fileID: 0}
  m_PrefabAsset: {fileID: 0}
  m_GameObject: {fileID: 1517298695}
  m_Enabled: 1
  m_EditorHideFlags: 0
  m_Script: {fileID: 11500000, guid: cb179040a892c2645a79c8d8485a8a44, type: 3}
  m_Name: 
  m_EditorClassIdentifier: 
  loseMessagePanel: {fileID: 1700811508}
  Rotatespeed: 1
  isDie: 0
  speed: 1.5
  jumpForce: 5
--- !u!95 &1517298698
Animator:
  serializedVersion: 5
  m_ObjectHideFlags: 0
  m_CorrespondingSourceObject: {fileID: 0}
  m_PrefabInstance: {fileID: 0}
  m_PrefabAsset: {fileID: 0}
  m_GameObject: {fileID: 1517298695}
  m_Enabled: 1
  m_Avatar: {fileID: 9000000, guid: ea3c190656c1be74bba0bd65a3905278, type: 3}
  m_Controller: {fileID: 9100000, guid: d3c1832d1205cab4aac6ffd593179b0b, type: 2}
  m_CullingMode: 0
  m_UpdateMode: 0
  m_ApplyRootMotion: 0
  m_LinearVelocityBlending: 0
  m_StabilizeFeet: 0
  m_WarningMessage: 
  m_HasTransformHierarchy: 1
  m_AllowConstantClipSamplingOptimization: 1
  m_KeepAnimatorStateOnDisable: 0
  m_WriteDefaultValuesOnDisable: 0
--- !u!4 &1517298699 stripped
Transform:
  m_CorrespondingSourceObject: {fileID: 4394185532969230, guid: 9e066cea98814aa448c70270a3c60251, type: 3}
  m_PrefabInstance: {fileID: 1517298694}
  m_PrefabAsset: {fileID: 0}
--- !u!136 &1517298700
CapsuleCollider:
  m_ObjectHideFlags: 0
  m_CorrespondingSourceObject: {fileID: 0}
  m_PrefabInstance: {fileID: 0}
  m_PrefabAsset: {fileID: 0}
  m_GameObject: {fileID: 1517298695}
  m_Material: {fileID: 13400000, guid: db5a4cef8ce69714d8db0bc66d0cfc9d, type: 2}
  m_IncludeLayers:
    serializedVersion: 2
    m_Bits: 0
  m_ExcludeLayers:
    serializedVersion: 2
    m_Bits: 0
  m_LayerOverridePriority: 0
  m_IsTrigger: 0
  m_ProvidesContacts: 1
  m_Enabled: 1
  serializedVersion: 2
  m_Radius: 0.5
  m_Height: 2
  m_Direction: 1
  m_Center: {x: 0, y: 1, z: 0}
--- !u!114 &1517298701
MonoBehaviour:
  m_ObjectHideFlags: 0
  m_CorrespondingSourceObject: {fileID: 0}
  m_PrefabInstance: {fileID: 0}
  m_PrefabAsset: {fileID: 0}
  m_GameObject: {fileID: 1517298695}
  m_Enabled: 0
  m_EditorHideFlags: 0
  m_Script: {fileID: 11500000, guid: bcfc5cea3f99729408119e3528b16a2d, type: 3}
  m_Name: 
  m_EditorClassIdentifier: 
  walkSpeed: 0
  runSpeed: 1
  cameraTransform: {fileID: 817938023}
  groundCheckDistance: 0.2
  groundLayer:
    serializedVersion: 2
    m_Bits: 0
--- !u!114 &1517298702
MonoBehaviour:
  m_ObjectHideFlags: 0
  m_CorrespondingSourceObject: {fileID: 0}
  m_PrefabInstance: {fileID: 0}
  m_PrefabAsset: {fileID: 0}
  m_GameObject: {fileID: 1517298695}
  m_Enabled: 1
  m_EditorHideFlags: 0
  m_Script: {fileID: 11500000, guid: d36d82adf1fa67e4abe3101b9623faa3, type: 3}
  m_Name: 
  m_EditorClassIdentifier: 
  isDie: 0
  hp: 5
  isHoldingShield: 1
  isDefending: 0
  shield: {fileID: 1076519841}
  healthDisplay: {fileID: 933513871}
--- !u!1001 &1634346005
PrefabInstance:
  m_ObjectHideFlags: 0
  serializedVersion: 2
  m_Modification:
    serializedVersion: 3
    m_TransformParent: {fileID: 1768392996}
    m_Modifications:
    - target: {fileID: 434320343503678772, guid: 7b3e6db10d22f504dbc606110b2cb5e7, type: 3}
      propertyPath: m_LocalPosition.x
      value: 17.09174
      objectReference: {fileID: 0}
    - target: {fileID: 434320343503678772, guid: 7b3e6db10d22f504dbc606110b2cb5e7, type: 3}
      propertyPath: m_LocalPosition.y
      value: -13.851689
      objectReference: {fileID: 0}
    - target: {fileID: 434320343503678772, guid: 7b3e6db10d22f504dbc606110b2cb5e7, type: 3}
      propertyPath: m_LocalPosition.z
      value: 2.6526697
      objectReference: {fileID: 0}
    - target: {fileID: 434320343503678772, guid: 7b3e6db10d22f504dbc606110b2cb5e7, type: 3}
      propertyPath: m_LocalRotation.w
      value: 1
      objectReference: {fileID: 0}
    - target: {fileID: 434320343503678772, guid: 7b3e6db10d22f504dbc606110b2cb5e7, type: 3}
      propertyPath: m_LocalRotation.x
      value: -0
      objectReference: {fileID: 0}
    - target: {fileID: 434320343503678772, guid: 7b3e6db10d22f504dbc606110b2cb5e7, type: 3}
      propertyPath: m_LocalRotation.y
      value: -0
      objectReference: {fileID: 0}
    - target: {fileID: 434320343503678772, guid: 7b3e6db10d22f504dbc606110b2cb5e7, type: 3}
      propertyPath: m_LocalRotation.z
      value: -0
      objectReference: {fileID: 0}
    - target: {fileID: 434320343503678772, guid: 7b3e6db10d22f504dbc606110b2cb5e7, type: 3}
      propertyPath: m_LocalEulerAnglesHint.x
      value: 0
      objectReference: {fileID: 0}
    - target: {fileID: 434320343503678772, guid: 7b3e6db10d22f504dbc606110b2cb5e7, type: 3}
      propertyPath: m_LocalEulerAnglesHint.y
      value: 0
      objectReference: {fileID: 0}
    - target: {fileID: 434320343503678772, guid: 7b3e6db10d22f504dbc606110b2cb5e7, type: 3}
      propertyPath: m_LocalEulerAnglesHint.z
      value: 0
      objectReference: {fileID: 0}
    - target: {fileID: 1245006558584958560, guid: 7b3e6db10d22f504dbc606110b2cb5e7, type: 3}
      propertyPath: m_Name
      value: Grass_B (2)
      objectReference: {fileID: 0}
    m_RemovedComponents: []
    m_RemovedGameObjects: []
    m_AddedGameObjects: []
    m_AddedComponents: []
  m_SourcePrefab: {fileID: 100100000, guid: 7b3e6db10d22f504dbc606110b2cb5e7, type: 3}
--- !u!1001 &1662490550
PrefabInstance:
  m_ObjectHideFlags: 0
  serializedVersion: 2
  m_Modification:
    serializedVersion: 3
    m_TransformParent: {fileID: 1768392996}
    m_Modifications:
    - target: {fileID: 5784118704813857101, guid: 176a42107ce66c44aa74a67424591597, type: 3}
      propertyPath: m_Name
      value: BushDry_A (1)
      objectReference: {fileID: 0}
    - target: {fileID: 8345125494760415452, guid: 176a42107ce66c44aa74a67424591597, type: 3}
      propertyPath: m_LocalPosition.x
      value: 21.735327
      objectReference: {fileID: 0}
    - target: {fileID: 8345125494760415452, guid: 176a42107ce66c44aa74a67424591597, type: 3}
      propertyPath: m_LocalPosition.y
      value: -13.844131
      objectReference: {fileID: 0}
    - target: {fileID: 8345125494760415452, guid: 176a42107ce66c44aa74a67424591597, type: 3}
      propertyPath: m_LocalPosition.z
      value: 6.5803947
      objectReference: {fileID: 0}
    - target: {fileID: 8345125494760415452, guid: 176a42107ce66c44aa74a67424591597, type: 3}
      propertyPath: m_LocalRotation.w
      value: 0.9113726
      objectReference: {fileID: 0}
    - target: {fileID: 8345125494760415452, guid: 176a42107ce66c44aa74a67424591597, type: 3}
      propertyPath: m_LocalRotation.x
      value: -0
      objectReference: {fileID: 0}
    - target: {fileID: 8345125494760415452, guid: 176a42107ce66c44aa74a67424591597, type: 3}
      propertyPath: m_LocalRotation.y
      value: -0.41158217
      objectReference: {fileID: 0}
    - target: {fileID: 8345125494760415452, guid: 176a42107ce66c44aa74a67424591597, type: 3}
      propertyPath: m_LocalRotation.z
      value: -0
      objectReference: {fileID: 0}
    - target: {fileID: 8345125494760415452, guid: 176a42107ce66c44aa74a67424591597, type: 3}
      propertyPath: m_LocalEulerAnglesHint.x
      value: 0
      objectReference: {fileID: 0}
    - target: {fileID: 8345125494760415452, guid: 176a42107ce66c44aa74a67424591597, type: 3}
      propertyPath: m_LocalEulerAnglesHint.y
      value: -48.608
      objectReference: {fileID: 0}
    - target: {fileID: 8345125494760415452, guid: 176a42107ce66c44aa74a67424591597, type: 3}
      propertyPath: m_LocalEulerAnglesHint.z
      value: 0
      objectReference: {fileID: 0}
    m_RemovedComponents: []
    m_RemovedGameObjects: []
    m_AddedGameObjects: []
    m_AddedComponents: []
  m_SourcePrefab: {fileID: 100100000, guid: 176a42107ce66c44aa74a67424591597, type: 3}
--- !u!1 &1700811508
GameObject:
  m_ObjectHideFlags: 0
  m_CorrespondingSourceObject: {fileID: 0}
  m_PrefabInstance: {fileID: 0}
  m_PrefabAsset: {fileID: 0}
  serializedVersion: 6
  m_Component:
  - component: {fileID: 1700811509}
  - component: {fileID: 1700811511}
  - component: {fileID: 1700811510}
  m_Layer: 0
  m_Name: Lose
  m_TagString: Untagged
  m_Icon: {fileID: 0}
  m_NavMeshLayer: 0
  m_StaticEditorFlags: 0
  m_IsActive: 0
--- !u!224 &1700811509
RectTransform:
  m_ObjectHideFlags: 0
  m_CorrespondingSourceObject: {fileID: 0}
  m_PrefabInstance: {fileID: 0}
  m_PrefabAsset: {fileID: 0}
  m_GameObject: {fileID: 1700811508}
  m_LocalRotation: {x: 0, y: 0, z: 0, w: 1}
  m_LocalPosition: {x: 0, y: 0, z: 0}
  m_LocalScale: {x: 3.2475, y: 7.5286474, z: 1}
  m_ConstrainProportionsScale: 0
  m_Children: []
  m_Father: {fileID: 367705638}
  m_LocalEulerAnglesHint: {x: 0, y: 0, z: 0}
  m_AnchorMin: {x: 0.5, y: 0.5}
  m_AnchorMax: {x: 0.5, y: 0.5}
  m_AnchoredPosition: {x: 0, y: 99}
  m_SizeDelta: {x: 160, y: 30}
  m_Pivot: {x: 0.5, y: 0.5}
--- !u!114 &1700811510
MonoBehaviour:
  m_ObjectHideFlags: 0
  m_CorrespondingSourceObject: {fileID: 0}
  m_PrefabInstance: {fileID: 0}
  m_PrefabAsset: {fileID: 0}
  m_GameObject: {fileID: 1700811508}
  m_Enabled: 1
  m_EditorHideFlags: 0
  m_Script: {fileID: 11500000, guid: 5f7201a12d95ffc409449d95f23cf332, type: 3}
  m_Name: 
  m_EditorClassIdentifier: 
  m_Material: {fileID: 0}
  m_Color: {r: 0.19607843, g: 0.19607843, b: 0.19607843, a: 1}
  m_RaycastTarget: 1
  m_RaycastPadding: {x: 0, y: 0, z: 0, w: 0}
  m_Maskable: 1
  m_OnCullStateChanged:
    m_PersistentCalls:
      m_Calls: []
  m_FontData:
    m_Font: {fileID: 10102, guid: 0000000000000000e000000000000000, type: 0}
    m_FontSize: 26
    m_FontStyle: 0
    m_BestFit: 0
    m_MinSize: 2
    m_MaxSize: 40
    m_Alignment: 1
    m_AlignByGeometry: 0
    m_RichText: 1
    m_HorizontalOverflow: 0
    m_VerticalOverflow: 0
    m_LineSpacing: 1
  m_Text: You Lose
--- !u!222 &1700811511
CanvasRenderer:
  m_ObjectHideFlags: 0
  m_CorrespondingSourceObject: {fileID: 0}
  m_PrefabInstance: {fileID: 0}
  m_PrefabAsset: {fileID: 0}
  m_GameObject: {fileID: 1700811508}
  m_CullTransparentMesh: 1
--- !u!1001 &1753599296
PrefabInstance:
  m_ObjectHideFlags: 0
  serializedVersion: 2
  m_Modification:
    serializedVersion: 3
    m_TransformParent: {fileID: 1768392996}
    m_Modifications:
    - target: {fileID: 434320343503678772, guid: 7b3e6db10d22f504dbc606110b2cb5e7, type: 3}
      propertyPath: m_LocalPosition.x
      value: 21.63805
      objectReference: {fileID: 0}
    - target: {fileID: 434320343503678772, guid: 7b3e6db10d22f504dbc606110b2cb5e7, type: 3}
      propertyPath: m_LocalPosition.y
      value: -13.851689
      objectReference: {fileID: 0}
    - target: {fileID: 434320343503678772, guid: 7b3e6db10d22f504dbc606110b2cb5e7, type: 3}
      propertyPath: m_LocalPosition.z
      value: 2.8466718
      objectReference: {fileID: 0}
    - target: {fileID: 434320343503678772, guid: 7b3e6db10d22f504dbc606110b2cb5e7, type: 3}
      propertyPath: m_LocalRotation.w
      value: 1
      objectReference: {fileID: 0}
    - target: {fileID: 434320343503678772, guid: 7b3e6db10d22f504dbc606110b2cb5e7, type: 3}
      propertyPath: m_LocalRotation.x
      value: -0
      objectReference: {fileID: 0}
    - target: {fileID: 434320343503678772, guid: 7b3e6db10d22f504dbc606110b2cb5e7, type: 3}
      propertyPath: m_LocalRotation.y
      value: -0
      objectReference: {fileID: 0}
    - target: {fileID: 434320343503678772, guid: 7b3e6db10d22f504dbc606110b2cb5e7, type: 3}
      propertyPath: m_LocalRotation.z
      value: -0
      objectReference: {fileID: 0}
    - target: {fileID: 434320343503678772, guid: 7b3e6db10d22f504dbc606110b2cb5e7, type: 3}
      propertyPath: m_LocalEulerAnglesHint.x
      value: 0
      objectReference: {fileID: 0}
    - target: {fileID: 434320343503678772, guid: 7b3e6db10d22f504dbc606110b2cb5e7, type: 3}
      propertyPath: m_LocalEulerAnglesHint.y
      value: 0
      objectReference: {fileID: 0}
    - target: {fileID: 434320343503678772, guid: 7b3e6db10d22f504dbc606110b2cb5e7, type: 3}
      propertyPath: m_LocalEulerAnglesHint.z
      value: 0
      objectReference: {fileID: 0}
    - target: {fileID: 1245006558584958560, guid: 7b3e6db10d22f504dbc606110b2cb5e7, type: 3}
      propertyPath: m_Name
      value: Grass_B (1)
      objectReference: {fileID: 0}
    m_RemovedComponents: []
    m_RemovedGameObjects: []
    m_AddedGameObjects: []
    m_AddedComponents: []
  m_SourcePrefab: {fileID: 100100000, guid: 7b3e6db10d22f504dbc606110b2cb5e7, type: 3}
--- !u!1 &1768392995
GameObject:
  m_ObjectHideFlags: 0
  m_CorrespondingSourceObject: {fileID: 0}
  m_PrefabInstance: {fileID: 0}
  m_PrefabAsset: {fileID: 0}
  serializedVersion: 6
  m_Component:
  - component: {fileID: 1768392996}
  m_Layer: 0
  m_Name: plants
  m_TagString: Untagged
  m_Icon: {fileID: 0}
  m_NavMeshLayer: 0
  m_StaticEditorFlags: 0
  m_IsActive: 1
--- !u!4 &1768392996
Transform:
  m_ObjectHideFlags: 0
  m_CorrespondingSourceObject: {fileID: 0}
  m_PrefabInstance: {fileID: 0}
  m_PrefabAsset: {fileID: 0}
  m_GameObject: {fileID: 1768392995}
  serializedVersion: 2
  m_LocalRotation: {x: 0, y: 0, z: 0, w: 1}
  m_LocalPosition: {x: -17.679064, y: 13.851689, z: 3.8153293}
  m_LocalScale: {x: 1, y: 1, z: 1}
  m_ConstrainProportionsScale: 0
  m_Children:
  - {fileID: 2113878739}
  - {fileID: 386283266}
  - {fileID: 1968764408}
  - {fileID: 2074141121}
  - {fileID: 2108879936}
  - {fileID: 712575166}
  - {fileID: 1990139183}
  - {fileID: 933639752}
  - {fileID: 2125804857}
  - {fileID: 1433479522}
  - {fileID: 1909855689}
  - {fileID: 606973696}
  - {fileID: 396855567}
  - {fileID: 1368306099}
  m_Father: {fileID: 0}
  m_LocalEulerAnglesHint: {x: 0, y: 0, z: 0}
--- !u!1001 &1793884465
PrefabInstance:
  m_ObjectHideFlags: 0
  serializedVersion: 2
  m_Modification:
    serializedVersion: 3
    m_TransformParent: {fileID: 1768392996}
    m_Modifications:
    - target: {fileID: 5282797068109607686, guid: 8569bec78272c564ab74ca5b8a4762f1, type: 3}
      propertyPath: m_Name
      value: Plant_D
      objectReference: {fileID: 0}
    - target: {fileID: 8874654536109223509, guid: 8569bec78272c564ab74ca5b8a4762f1, type: 3}
      propertyPath: m_LocalPosition.x
      value: 16.511726
      objectReference: {fileID: 0}
    - target: {fileID: 8874654536109223509, guid: 8569bec78272c564ab74ca5b8a4762f1, type: 3}
      propertyPath: m_LocalPosition.y
      value: -13.851689
      objectReference: {fileID: 0}
    - target: {fileID: 8874654536109223509, guid: 8569bec78272c564ab74ca5b8a4762f1, type: 3}
      propertyPath: m_LocalPosition.z
      value: -1.7426155
      objectReference: {fileID: 0}
    - target: {fileID: 8874654536109223509, guid: 8569bec78272c564ab74ca5b8a4762f1, type: 3}
      propertyPath: m_LocalRotation.w
      value: 0.9113726
      objectReference: {fileID: 0}
    - target: {fileID: 8874654536109223509, guid: 8569bec78272c564ab74ca5b8a4762f1, type: 3}
      propertyPath: m_LocalRotation.x
      value: -0
      objectReference: {fileID: 0}
    - target: {fileID: 8874654536109223509, guid: 8569bec78272c564ab74ca5b8a4762f1, type: 3}
      propertyPath: m_LocalRotation.y
      value: -0.41158217
      objectReference: {fileID: 0}
    - target: {fileID: 8874654536109223509, guid: 8569bec78272c564ab74ca5b8a4762f1, type: 3}
      propertyPath: m_LocalRotation.z
      value: -0
      objectReference: {fileID: 0}
    - target: {fileID: 8874654536109223509, guid: 8569bec78272c564ab74ca5b8a4762f1, type: 3}
      propertyPath: m_LocalEulerAnglesHint.x
      value: 0
      objectReference: {fileID: 0}
    - target: {fileID: 8874654536109223509, guid: 8569bec78272c564ab74ca5b8a4762f1, type: 3}
      propertyPath: m_LocalEulerAnglesHint.y
      value: -48.608
      objectReference: {fileID: 0}
    - target: {fileID: 8874654536109223509, guid: 8569bec78272c564ab74ca5b8a4762f1, type: 3}
      propertyPath: m_LocalEulerAnglesHint.z
      value: 0
      objectReference: {fileID: 0}
    m_RemovedComponents: []
    m_RemovedGameObjects: []
    m_AddedGameObjects: []
    m_AddedComponents: []
  m_SourcePrefab: {fileID: 100100000, guid: 8569bec78272c564ab74ca5b8a4762f1, type: 3}
--- !u!4 &1909855689 stripped
Transform:
  m_CorrespondingSourceObject: {fileID: 434320343503678772, guid: 7b3e6db10d22f504dbc606110b2cb5e7, type: 3}
  m_PrefabInstance: {fileID: 1950959744}
  m_PrefabAsset: {fileID: 0}
--- !u!1001 &1926678904
PrefabInstance:
  m_ObjectHideFlags: 0
  serializedVersion: 2
  m_Modification:
    serializedVersion: 3
    m_TransformParent: {fileID: 1768392996}
    m_Modifications:
    - target: {fileID: 5282797068109607686, guid: 8569bec78272c564ab74ca5b8a4762f1, type: 3}
      propertyPath: m_Name
      value: Plant_D
      objectReference: {fileID: 0}
    - target: {fileID: 8874654536109223509, guid: 8569bec78272c564ab74ca5b8a4762f1, type: 3}
      propertyPath: m_LocalPosition.x
      value: 13.398617
      objectReference: {fileID: 0}
    - target: {fileID: 8874654536109223509, guid: 8569bec78272c564ab74ca5b8a4762f1, type: 3}
      propertyPath: m_LocalPosition.y
      value: -13.851689
      objectReference: {fileID: 0}
    - target: {fileID: 8874654536109223509, guid: 8569bec78272c564ab74ca5b8a4762f1, type: 3}
      propertyPath: m_LocalPosition.z
      value: 0.82283044
      objectReference: {fileID: 0}
    - target: {fileID: 8874654536109223509, guid: 8569bec78272c564ab74ca5b8a4762f1, type: 3}
      propertyPath: m_LocalRotation.w
      value: 1
      objectReference: {fileID: 0}
    - target: {fileID: 8874654536109223509, guid: 8569bec78272c564ab74ca5b8a4762f1, type: 3}
      propertyPath: m_LocalRotation.x
      value: -0
      objectReference: {fileID: 0}
    - target: {fileID: 8874654536109223509, guid: 8569bec78272c564ab74ca5b8a4762f1, type: 3}
      propertyPath: m_LocalRotation.y
      value: -0
      objectReference: {fileID: 0}
    - target: {fileID: 8874654536109223509, guid: 8569bec78272c564ab74ca5b8a4762f1, type: 3}
      propertyPath: m_LocalRotation.z
      value: -0
      objectReference: {fileID: 0}
    - target: {fileID: 8874654536109223509, guid: 8569bec78272c564ab74ca5b8a4762f1, type: 3}
      propertyPath: m_LocalEulerAnglesHint.x
      value: 0
      objectReference: {fileID: 0}
    - target: {fileID: 8874654536109223509, guid: 8569bec78272c564ab74ca5b8a4762f1, type: 3}
      propertyPath: m_LocalEulerAnglesHint.y
      value: 0
      objectReference: {fileID: 0}
    - target: {fileID: 8874654536109223509, guid: 8569bec78272c564ab74ca5b8a4762f1, type: 3}
      propertyPath: m_LocalEulerAnglesHint.z
      value: 0
      objectReference: {fileID: 0}
    m_RemovedComponents: []
    m_RemovedGameObjects: []
    m_AddedGameObjects: []
    m_AddedComponents: []
  m_SourcePrefab: {fileID: 100100000, guid: 8569bec78272c564ab74ca5b8a4762f1, type: 3}
--- !u!1001 &1950959744
PrefabInstance:
  m_ObjectHideFlags: 0
  serializedVersion: 2
  m_Modification:
    serializedVersion: 3
    m_TransformParent: {fileID: 1768392996}
    m_Modifications:
    - target: {fileID: 434320343503678772, guid: 7b3e6db10d22f504dbc606110b2cb5e7, type: 3}
      propertyPath: m_LocalPosition.x
      value: 17.580858
      objectReference: {fileID: 0}
    - target: {fileID: 434320343503678772, guid: 7b3e6db10d22f504dbc606110b2cb5e7, type: 3}
      propertyPath: m_LocalPosition.y
      value: -13.851689
      objectReference: {fileID: 0}
    - target: {fileID: 434320343503678772, guid: 7b3e6db10d22f504dbc606110b2cb5e7, type: 3}
      propertyPath: m_LocalPosition.z
      value: 2.2378867
      objectReference: {fileID: 0}
    - target: {fileID: 434320343503678772, guid: 7b3e6db10d22f504dbc606110b2cb5e7, type: 3}
      propertyPath: m_LocalRotation.w
      value: 0.9113726
      objectReference: {fileID: 0}
    - target: {fileID: 434320343503678772, guid: 7b3e6db10d22f504dbc606110b2cb5e7, type: 3}
      propertyPath: m_LocalRotation.x
      value: -0
      objectReference: {fileID: 0}
    - target: {fileID: 434320343503678772, guid: 7b3e6db10d22f504dbc606110b2cb5e7, type: 3}
      propertyPath: m_LocalRotation.y
      value: -0.41158217
      objectReference: {fileID: 0}
    - target: {fileID: 434320343503678772, guid: 7b3e6db10d22f504dbc606110b2cb5e7, type: 3}
      propertyPath: m_LocalRotation.z
      value: -0
      objectReference: {fileID: 0}
    - target: {fileID: 434320343503678772, guid: 7b3e6db10d22f504dbc606110b2cb5e7, type: 3}
      propertyPath: m_LocalEulerAnglesHint.x
      value: 0
      objectReference: {fileID: 0}
    - target: {fileID: 434320343503678772, guid: 7b3e6db10d22f504dbc606110b2cb5e7, type: 3}
      propertyPath: m_LocalEulerAnglesHint.y
      value: -48.608
      objectReference: {fileID: 0}
    - target: {fileID: 434320343503678772, guid: 7b3e6db10d22f504dbc606110b2cb5e7, type: 3}
      propertyPath: m_LocalEulerAnglesHint.z
      value: 0
      objectReference: {fileID: 0}
    - target: {fileID: 1245006558584958560, guid: 7b3e6db10d22f504dbc606110b2cb5e7, type: 3}
      propertyPath: m_Name
      value: Grass_B (2)
      objectReference: {fileID: 0}
    m_RemovedComponents: []
    m_RemovedGameObjects: []
    m_AddedGameObjects: []
    m_AddedComponents: []
  m_SourcePrefab: {fileID: 100100000, guid: 7b3e6db10d22f504dbc606110b2cb5e7, type: 3}
--- !u!4 &1968764408 stripped
Transform:
  m_CorrespondingSourceObject: {fileID: 8345125494760415452, guid: 176a42107ce66c44aa74a67424591597, type: 3}
  m_PrefabInstance: {fileID: 624147529}
  m_PrefabAsset: {fileID: 0}
--- !u!4 &1990139183 stripped
Transform:
  m_CorrespondingSourceObject: {fileID: 8874654536109223509, guid: 8569bec78272c564ab74ca5b8a4762f1, type: 3}
  m_PrefabInstance: {fileID: 1926678904}
  m_PrefabAsset: {fileID: 0}
--- !u!1 &2048504953
GameObject:
  m_ObjectHideFlags: 0
  m_CorrespondingSourceObject: {fileID: 0}
  m_PrefabInstance: {fileID: 0}
  m_PrefabAsset: {fileID: 0}
  serializedVersion: 6
  m_Component:
  - component: {fileID: 2048504954}
  m_Layer: 0
  m_Name: test_object
  m_TagString: Untagged
  m_Icon: {fileID: 0}
  m_NavMeshLayer: 0
  m_StaticEditorFlags: 0
  m_IsActive: 1
--- !u!4 &2048504954
Transform:
  m_ObjectHideFlags: 0
  m_CorrespondingSourceObject: {fileID: 0}
  m_PrefabInstance: {fileID: 0}
  m_PrefabAsset: {fileID: 0}
  m_GameObject: {fileID: 2048504953}
  serializedVersion: 2
  m_LocalRotation: {x: 0, y: 0, z: 0, w: 1}
  m_LocalPosition: {x: 5.842964, y: 3.4258413, z: 17.565346}
  m_LocalScale: {x: 1, y: 1, z: 1}
  m_ConstrainProportionsScale: 0
  m_Children: []
  m_Father: {fileID: 0}
  m_LocalEulerAnglesHint: {x: 0, y: 0, z: 0}
--- !u!1001 &2057480753
PrefabInstance:
  m_ObjectHideFlags: 0
  serializedVersion: 2
  m_Modification:
    serializedVersion: 3
    m_TransformParent: {fileID: 1768392996}
    m_Modifications:
    - target: {fileID: 5784118704813857101, guid: 176a42107ce66c44aa74a67424591597, type: 3}
      propertyPath: m_Name
      value: BushDry_A
      objectReference: {fileID: 0}
    - target: {fileID: 8345125494760415452, guid: 176a42107ce66c44aa74a67424591597, type: 3}
      propertyPath: m_LocalPosition.x
      value: 23.579344
      objectReference: {fileID: 0}
    - target: {fileID: 8345125494760415452, guid: 176a42107ce66c44aa74a67424591597, type: 3}
      propertyPath: m_LocalPosition.y
      value: -13.844131
      objectReference: {fileID: 0}
    - target: {fileID: 8345125494760415452, guid: 176a42107ce66c44aa74a67424591597, type: 3}
      propertyPath: m_LocalPosition.z
      value: 4.955167
      objectReference: {fileID: 0}
    - target: {fileID: 8345125494760415452, guid: 176a42107ce66c44aa74a67424591597, type: 3}
      propertyPath: m_LocalRotation.w
      value: 0.9113726
      objectReference: {fileID: 0}
    - target: {fileID: 8345125494760415452, guid: 176a42107ce66c44aa74a67424591597, type: 3}
      propertyPath: m_LocalRotation.x
      value: -0
      objectReference: {fileID: 0}
    - target: {fileID: 8345125494760415452, guid: 176a42107ce66c44aa74a67424591597, type: 3}
      propertyPath: m_LocalRotation.y
      value: -0.41158217
      objectReference: {fileID: 0}
    - target: {fileID: 8345125494760415452, guid: 176a42107ce66c44aa74a67424591597, type: 3}
      propertyPath: m_LocalRotation.z
      value: -0
      objectReference: {fileID: 0}
    - target: {fileID: 8345125494760415452, guid: 176a42107ce66c44aa74a67424591597, type: 3}
      propertyPath: m_LocalEulerAnglesHint.x
      value: 0
      objectReference: {fileID: 0}
    - target: {fileID: 8345125494760415452, guid: 176a42107ce66c44aa74a67424591597, type: 3}
      propertyPath: m_LocalEulerAnglesHint.y
      value: -48.608
      objectReference: {fileID: 0}
    - target: {fileID: 8345125494760415452, guid: 176a42107ce66c44aa74a67424591597, type: 3}
      propertyPath: m_LocalEulerAnglesHint.z
      value: 0
      objectReference: {fileID: 0}
    m_RemovedComponents: []
    m_RemovedGameObjects: []
    m_AddedGameObjects: []
    m_AddedComponents: []
  m_SourcePrefab: {fileID: 100100000, guid: 176a42107ce66c44aa74a67424591597, type: 3}
--- !u!4 &2074141121 stripped
Transform:
  m_CorrespondingSourceObject: {fileID: 434320343503678772, guid: 7b3e6db10d22f504dbc606110b2cb5e7, type: 3}
  m_PrefabInstance: {fileID: 1634346005}
  m_PrefabAsset: {fileID: 0}
--- !u!4 &2108879936 stripped
Transform:
  m_CorrespondingSourceObject: {fileID: 434320343503678772, guid: 7b3e6db10d22f504dbc606110b2cb5e7, type: 3}
  m_PrefabInstance: {fileID: 29756900}
  m_PrefabAsset: {fileID: 0}
--- !u!4 &2113878739 stripped
Transform:
  m_CorrespondingSourceObject: {fileID: 434320343503678772, guid: 7b3e6db10d22f504dbc606110b2cb5e7, type: 3}
  m_PrefabInstance: {fileID: 1495094425}
  m_PrefabAsset: {fileID: 0}
--- !u!4 &2125804857 stripped
Transform:
  m_CorrespondingSourceObject: {fileID: 434320343503678772, guid: 7b3e6db10d22f504dbc606110b2cb5e7, type: 3}
  m_PrefabInstance: {fileID: 634857716}
  m_PrefabAsset: {fileID: 0}
--- !u!1660057539 &9223372036854775807
SceneRoots:
  m_ObjectHideFlags: 0
  m_Roots:
  - {fileID: 367705638}
  - {fileID: 1018838048}
  - {fileID: 177003867}
  - {fileID: 1517298694}
  - {fileID: 1768392996}
  - {fileID: 1266717996}
  - {fileID: 2048504954}
  - {fileID: 646062813}
  - {fileID: 1408879337}
